2618 5108
443 116 915 324 'mu-„j

393 798 437 871 ln
460 797 666 871 Lutherum
689 797 794 870 Bulla
817 798 967 873 Leonis.
1146 806 1195 874 26
1284 906 1287 910 λ

161 990 241 1055 dere
266 987 438 1073 cupientes
451 989 497 1067 a),
531 988 637 1055 habita
662 1009 761 1071 super
785 991 942 1071 praedictis
968 993 1134 1058 erroribus
1163 1005 1196 1057 et

164 1109 276 1154 eornm
308 1089 443 1174 singulis
474 1091 619 1174 diligenti
652 1090 876 1168 trutinatione,
909 1092 1123 1171 discussione,
1158 1115 1196 1157 ac

167 1191 311 1256 districto
324 1191 483 1267 examine,
502 1204 689 1275 maturaque
708 1191 955 1272 deliberatione,
975 1196 1190 1279 omnibusque

159 1294 221 1356 rite
251 1291 394 1375 pensatis
422 1313 459 1355 ac
486 1290 600 1373 sepius
627 1292 784 1357 ventilatis
800 1295 829 1372 b)
861 1316 933 1358 cum
960 1294 1195 1361 venerabilibus

160 1392 316 1458 naudus
327 1393 354 1467 e)
374 1393 491 1457 nostris
510 1403 623 1457 sanctu
637 1394 788 1457 Romane
809 1396 947 1459 ecclesiae
962 1396 1194 1470 cardinalibus,

161 1517 200 1559 ac
216 1491 415 1579 regularium
435 1495 584 1559 ordinum
596 1495 777 1576 prioribus,
800 1519 858 1561 seu
872 1498 1021 1563 ministris
1041 1498 1196 1581 gerrerali·

160 1597 277 1675 busa),
299 1593 509 1681 pluribusque
528 1596 594 1660 aliis
615 1619 711 1662 sacrae
725 1600 903 1682 theologiae,
923 1621 1064 1666 necnon
1077 1598 1197 1664 utrius·

159 1717 228 1783 qaae
256 1695 340 1778 juris
373 1695 632 1781 professoribus,
678 1701 747 1764 sive
779 1701 957 1779 snagistris,
997 1712 1030 1764 et
1066 1700 1197 1784 quidem

160 1796 377 1883 peritissimis,
407 1798 585 1881 reperimus
611 1801 742 1865 eosdem
768 1823 895 1866 errores
913 1805 940 1879 e)
959 1803 1137 1884 respective
1155 1803 1195 1879 t),

161 1914 198 1966 ut
216 1900 404 1983 prefertur,
431 1913 487 1963 aut
511 1901 661 1966 articulos
688 1924 755 1965 non
784 1925 856 1967 essc
885 1903 1115 1981 catholicon),
1135 1924 1197 1969 nec

159 2015 313 2087 tanquam
336 2002 414 2066 tales
442 2020 513 2066 esse
533 2002 814 2087 dogmatizandos3
843 2006 900 2068 sed
926 2015 1038 2067 contra
1057 2003 1196 2068 ecclesias

162 2102 323 2167 catholica
355 2103 533 2167 doctrinam
568 2104 638 2168 sive
666 2104 868 2169 traditionem
885 2108 930 2183 h),
964 2116 1060 2189 atquc
1090 2105 1130 2168 ab
1158 2126 1197 2168 ea

165 2225 272 2268 veram
305 2200 488 2267 divinarum
511 2205 737 2288 scripturarum
765 2219 923 2290 receptam
961 2204 1197 2288 interpretatio·

165 2321 240 2369 nem
259 2305 311 2382 l),
353 2301 447 2386 cujus
477 2307 658 2370 authoritati
690 2308 731 2372 ita
768 2307 1036 2391 acquiescendum
1073 2304 1198 2371 censuit

161 2405 382 2491 Augustinus,
409 2417 445 2469 ut
468 2405 587 2472 dixerit
614 2430 649 2471 se
677 2410 845 2492 evangelio
872 2430 938 2471 uon
967 2407 1067 2472 tuisse
1094 2406 1197 2471 credi·

158 2526 291 2584 mrum,
309 2506 371 2570 uisi
389 2507 529 2573 ecclesie
549 2510 707 2576 catholicae
727 2509 950 2573 intervenisset
968 2509 1137 2572 authoritas
1152 2509 1196 2585 k);

158 2630 237 2673 *mm
256 2628 301 2671 ex
316 2606 439 2673 eisdm
457 2611 640 2689 erroribus,
662 2612 714 2673 vel
734 2631 847 2674 corum
866 2609 992 2694 aliquo,
1014 2610 1066 2673 vel
1084 2608 1198 2694 aliqui·

202 2853 235 2923 a)
251 2854 327 2909 Vaeh
344 2847 450 2918 vobis,
467 2849 634 2908 Pontifices
644 2891 655 2921 ,
678 2850 730 2924 qui
748 2849 884 2905 clauditis
901 2859 1028 2922 regnum
1047 2848 1197 2905 coelorum

235 2949 302 2995 ante
320 2937 479 2993 hominos!

199 3042 215 3089 b
248 3032 324 3089 Vide
343 3030 457 3087 Leonis
475 3029 666 3097 diligentiam.

201 3149 216 3183 c
250 3126 314 3201 Qui
334 3134 365 3181 et
382 3123 436 3199 ipsi
454 3123 558 3178 vident
576 3120 766 3176 esuriendum
783 3120 845 3175 sibi
860 3136 936 3176 esse.

198 3224 229 3289 t)
250 3219 297 3276 nd
314 3234 393 3292 quos
410 3227 440 3272 et
458 3217 541 3289 ipsos
558 3232 620 3270 non
639 3214 712 3270 nihil
726 3215 855 3287 pertinet
873 3230 913 3269 cx
925 3230 960 3270 ea
971 3213 1086 3289 rapina,
1106 3221 1196 3286 quam

233 3321 294 3361 nos
309 3314 370 3361 tam
391 3300 579 3357 confidenter
599 3298 787 3372 impedimus.

200 3402 230 3467 e)
251 3398 330 3454 Vide
356 3396 429 3470 quid
457 3394 606 3452 invenerit
633 3401 716 3448 tanto
753 3391 886 3448 adhibito
915 3391 1035 3463 studio,
1073 3392 1198 3461 diligens

236 3486 360 3557 pastor!

201 3578 360 3646 oltemm
380 3574 467 3630 scire
493 3572 548 3629 abs
575 3583 605 3628 te
622 3572 750 3640 laboro,
776 3571 840 3626 hoc
864 3571 934 3643 quid
953 3572 991 3625 sit
1008 3569 1177 3641 respective
1184 3589 1195 3639 3

236 3674 325 3736 atque
355 3677 410 3731 age
435 3660 485 3716 dic
508 3659 599 3715 uobis
618 3658 756 3725 tandem,
787 3672 865 3728 quos
891 3656 1039 3726 respicis,
1073 3656 1194 3729 quando

236 3748 408 3807 Lutberum
426 3746 561 3801 damnas.

201 3843 232 3908 s)
247 3840 490 3901 momentaneos
505 3839 609 3895 dicere
626 3828 762 3892 volebas.

201 3933 234 4003 a)
251 3936 359 3989 Caute.

203 4032 226 4096 t)
244 4028 392 4086 Pulchre.
425 4026 611 4083 Docnerunt
638 4026 767 4095 linguam
786 4040 872 4079 suam
891 4023 975 4095 loqui
993 4022 1196 4094 mendacium,

236 4124 265 4168 et
277 4122 313 4167 ut
326 4112 424 4184 iniqua
439 4120 579 4180 agerent,
597 4110 822 4165 laboraverunt.
861 4110 911 4163 'I'n
924 4119 1041 4174 autem,
1061 4109 1196 4174 dominc,

235 4200 331 4255 quare
351 4198 414 4237 non
429 4182 557 4252 respicis
575 4189 804 4252 contemptores
823 4188 853 4233 et
870 4188 970 4246 taces,
996 4179 1196 4234 conculcante

237 4267 330 4339 impie
344 4267 509 4337 jrrstiorcm
528 4269 585 4333 sc?
1120 4313 1134 4339 ,

200 4351 234 4415 k)
251 4351 388 4409 Validam
407 4367 521 4408 summ.
539 4351 597 4407 Scd
611 4349 764 4405 arbitraris
782 4367 820 4404 nc
836 4347 1053 4419 Augustinum,
1071 4345 1096 4399 si
1109 4345 1137 4398 in
1147 4352 1197 4398 tua

237 4456 273 4493 ac
292 4448 351 4493 taz
368 4436 506 4493 ecclesias
522 4436 585 4493 boc
613 4434 796 4491 tributurum
817 4436 921 4491 luisse.
965 4430 1100 4489 Proinde
1116 4427 1197 4483 lianc
