2618 5108
425 416 429 429 1

362 842 417 935 ,In
443 841 648 917 Lutberum
672 843 776 917 Bulla
800 844 950 928 Leonis.
1122 848 1167 924 lit

138 1036 431 1101 remunerationem
450 1027 677 1122 praemiumque
704 1039 958 1124 condignuma);
989 1041 1041 1104 vel
1064 1028 1172 1105 saltem
1231 1025 1233 1029 i

141 1159 215 1214 cos,
241 1149 413 1201 eteorum
430 1139 603 1220 quemlibet
628 1141 670 1202 da
689 1141 958 1222 metropolitanis,
986 1142 1173 1206 cathedrali-

139 1239 217 1314 bus,
237 1251 273 1302 et
291 1238 360 1305 aliis
381 1239 539 1317 ecclesiis,
568 1238 736 1317 domibus,
762 1242 978 1319 monasteriis,
1008 1244 1173 1306 conventi·

136 1341 219 1417 bus,
242 1340 442 1417 civitatibus,
462 1342 629 1418 dominiis,
656 1344 936 1423 universitatibus,
966 1348 1173 1410 communita·
1228 1384 1231 1393 ·

137 1442 246 1518 u'bus,
272 1442 401 1517 eastris,
429 1443 521 1506 tenir
541 1465 578 1507 ae
596 1447 695 1521 locis,
716 1446 901 1530 ,respective
927 1458 990 1510 tam
1008 1448 1114 1511 cleriei
1142 1458 1174 1511 et

138 1546 327 1626 regulares,
352 1566 448 1628 quant
471 1546 541 1609 laici
562 1568 672 1625 ornnes
692 1559 725 1608 et
751 1548 868 1629 singuli
888 1546 1078 1629 supradicti,
1105 1570 1173 1612 orn-

138 1647 219 1711 niuo
239 1650 411 1730 expellant.
449 1647 607 1712 Civitates
622 1669 719 1725 vero,
741 1641 898 1725 tlourinia,
917 1657 1035 1724 terras,
1061 1661 1172 1727 castra,

125 1751 247 1825 silla,
275 1749 459 1825 comitatus,
480 1749 645 1824 fortieilia,
678 1750 796 1830 oppida
821 1761 853 1814 et
879 1754 949 1814 loca
975 1772 1174 1834 qistecunque

140 1852 278 1916 ubilibet
296 1851 517 1926 consistentia,
548 1871 658 1914 aarum
683 1863 714 1912 et
741 1871 857 1914 eorum
875 1853 1074 1931 respective,
1101 1854 1174 1915 lllc-

140 1953 366 2034 tropolitanas,
388 1949 615 2025 cathedrales,
638 1951 847 2036 collegiatus,
869 1964 901 2015 et
921 1954 995 2016 alias
1014 1953 1173 2030 ecclesias,

142 2052 362 2128 bionasteria,
383 2052 568 2127 Prioratus,
588 2055 719 2129 (lomus,
740 2066 935 2129 conventus,
955 2066 987 2116 et
1011 2056 1081 2116 loca
1102 2055 1174 2116 reli-

141 2158 230 2235 giosa
256 2156 309 2216 vel
338 2154 409 2235 pia,
438 2152 663 2237 cujuscunque
695 2155 816 2217 ordinis
844 2159 893 2234 (ut
920 2155 1103 2237 praefertur)
1134 2156 1174 2218 atl

145 2278 211 2340 φη
231 2242 400 2338 praelatum
419 2256 614 2331 Martinam,
639 2257 693 2336 vel
713 2256 852 2338 aliquem
880 2278 922 2318 cr
942 2255 1099 2337 praedictis
1119 2256 1175 2318 tle-

142 2358 258 2421 cliuare
277 2357 469 2437 eontigerit,
502 2339 653 2440 quamdiu
684 2357 728 2418 ibi
749 2359 977 2436 pertransent,
1004 2369 1037 2419 et
1066 2357 1174 2420 triduo

143 2469 215 2539 post
233 2477 419 2532 recessum,
438 2457 653 2522 ecclesiastico
674 2457 860 2536 subjicimus
879 2457 1103 2531 interdictus)
1131 2461 1174 2521 Et

142 2571 177 2622 ut
194 2558 355 2640 premissa
375 2558 525 2622 omnibus
544 2559 762 2635 innotescant,
791 2561 973 2625 mandamus
987 2560 1013 2635 e)
1043 2560 1175 2641 insuper
1257 2606 1260 2610 ι

142 2661 301 2724 universis
321 2659 530 2734 Patriarehis,
557 2659 833 2742 Archiepiscopis,
864 2660 1050 2740 Episcopis,
1075 2660 1172 2742 patri·

140 2761 329 2837 ascholium,
357 2761 672 2841 metropolitanarum
692 2771 724 2822 et
745 2760 873 2825 aliarum
893 2760 1116 2825 cathedralium
1137 2783 1176 2833 ae

140 2864 379 2946 collegiatarum
407 2861 613 2925 eeclesiarum
641 2861 795 2937 Praelatis,
830 2861 1000 2943 Capitulis,
1040 2861 1174 2946 aliisque
1265 2893 1268 2908 =

138 2962 287 3044 personis
323 2963 558 3039 ecclesiasticis,
594 2962 796 3037 sacularibus
826 2974 867 3025 ⁴et
899 2962 1087 3047 quantusvis
1120 2985 1174 3026 or·

138 3063 252 3127 diuum
283 3064 540 3145 supradictorum
583 3063 783 3146 regularibus
831 3064 999 3140 fratribus,
1041 3063 1175 3142 religio·

138 3163 199 3239 sis,
226 3164 409 3242 nummu,
445 3165 622 3246 exemptis,
655 3176 686 3224 et
705 3185 772 3225 non
803 3166 958 3245 exemptis
984 3164 1173 3245 supradictis

136 3265 296 3342 ubilibet,
335 3266 508 3347 presertim
527 3265 564 3333 iu
581 3266 764 3329 Alamannia
782 3265 975 3342 constitutis,
1016 3278 1172 3350 quatenus

171 3522 204 3587 a)
220 3518 388 3576 Praemium
409 3518 576 3590 pollicitum
596 3520 647 3587 iis,
672 3522 721 3593 qui
734 3537 791 3574 nos
803 3521 1008 3591 prodiderint,
1030 3529 1059 3573 et
1074 3521 1171 3591 pretio

206 3604 374 3676 paciscitur
392 3605 637 3677 proscriptorum
655 3607 759 3677 capita.
788 3606 1031 3660 Vercllomanus
1043 3614 1097 3658 cst.
1113 3605 1172 3658 Dic

207 3688 285 3745 mihi
306 3705 400 3755 vere,
437 3690 587 3760 Decime,
618 3691 688 3761 quid
709 3691 802 3745 facies
826 3691 855 3743 in
884 3690 931 3744 die
949 3690 1126 3744 visitationis
1145 3700 1172 3744 ct

206 3774 383 3830 calamitatis
401 3775 489 3844 louge
509 3775 679 3835 venientis?
699 3776 772 3832 Non
784 3776 896 3842 tugista
915 3775 1014 3829 tumra
1028 3775 1086 3829 Dei
1106 3776 1172 3830 ira?

168 3867 204 3936 b)
223 3869 383 3924 interdicit
406 3869 513 3925 sacris.
558 3868 608 3924 En
631 3869 771 3940 pietatem
791 3868 856 3935 ejus
874 3866 1050 3933 Pontilieis,
1069 3869 1119 3938 qui
1139 3886 1172 3922 se

207 3953 372 4024 pacificum
399 3954 544 4025 appellari
561 3971 679 4025 nuper,
710 3953 794 4025 quasi
815 3968 916 4007 novus
937 3952 1006 4008 orbi
1027 3956 1171 4009 Salomoa

207 4039 376 4107 illuxisset,
393 4038 500 4093 voluit.

166 4128 390 4199 s)er1ilt'acit
407 4131 506 4200 aliud,
524 4147 614 4204 quam
626 4132 763 4201 mandat,
777 4130 884 4200 jubet,
903 4131 1045 4201 imperat,
1066 4132 1172 4186 decer.

204 4217 268 4287 nit,
287 4225 384 4285 vetat,
404 4217 539 4287 inhibet,
567 4226 681 4286 terret,
710 4217 851 4271 minatur.
896 4215 1050 4271 Nimirum
1075 4219 1172 4287 lmpc,

204 4311 344 4358 ratarum
357 4304 487 4359 ostendit
503 4320 549 4365 se,
585 4302 701 4357 Verum
717 4302 794 4357 lteus
805 4313 855 4370 tu,
874 4301 961 4368 Leo,
981 4319 1019 4354 ne
1031 4304 1170 4371 superbi!

202 4388 322 4454 „Deus
350 4389 431 4445 enisu
459 4387 600 4462 superbis
629 4387 762 4456 resistit,
791 4385 956 4442 humilibus
991 4395 1091 4440 autem
1124 4387 1172 4444 dat

201 4473 371 4543 matiam-‘⁸
