2618 5108
201 788 271 902 tii
491 802 695 895 Pretiosa·
744 804 960 918 Dialogus?

682 1020 703 1072 't
733 1028 755 1072 n
807 1054 819 1075 .
878 1012 880 1016 '

71 1140 73 1145 ·
170 1132 201 1205 Δ·
261 1104 383 1177 ἷΒοαο
399 1111 525 1185 laudosa
555 1009 863 1192 nadriudptimd'sibi
877 1100 1071 1186 'amomum
1101 1108 1161 1193 qni
1183 1109 1227 1173 ab

108 1208 114 1217 ’
196 1214 297 1277 atroci
328 1225 359 1275 et
387 1213 571 1297 contagiosa
599 1215 732 1276 multum
761 1223 852 1296 peste
866 1211 998 1276 liberos
1016 1218 1228 1295 prestant-tn

194 1337 233 1378 ae
251 1334 418 1379 immunes.

555 1495 559 1501 .
586 1445 840 1511 Franciscns.
886 1446 889 1451 ’
962 1468 965 1475 ·

274 1548 374 1629 Quod
392 1549 503 1612 audire
531 1571 549 1612 a
568 1548 697 1612 senibus
716 1550 778 1611 hoe
796 1559 943 1627 ternpore
962 1545 1072 1624 soleo,
1089 1566 1226 1610 morum

195 1651 299 1714 adhue
328 1663 512 1714 nostrorum
540 1630 693 1713 memoria
719 1648 873 1730 incogniti
902 1648 1017 1729 possim
1048 1650 1134 1730 apud
1163 1660 1226 1712 nos

194 1750 331 1814 inerunt
350 1751 538 1815 doctorculi.
588 1750 637 1814 lta
662 1751 782 1813 dudum
812 1753 1001 1813 inessemus
1022 1772 1096 1814 oum
1119 1750 1226 1815 rubris

194 1851 262 1917 suis
282 1852 422 1931 pileolis,
454 1850 511 1934 qni
542 1873 604 1934 pro
632 1852 720 1914 libito
745 1851 946 1914 Germaniam
970 1853 1105 1935 quadum
1133 1850 1227 1935 quasi

194 1948 334 2017 immissa
355 1963 541 2032 tempestate
559 1953 768 2016 devastarent.
815 1954 931 2036 Neque
956 1962 1103 2033 repertus
1122 1952 1227 2025 statim

194 2065 255 2131 su,
272 2053 331 2138 qni
345 2065 408 2117 tam
421 2054 577 2136 pestilenti
589 2074 624 2118 se
639 2052 773 2117 novitati
786 2063 975 2137 opponeret.
995 2051 1226 2116 Aediutissimo

195 2152 259 2239 jam
278 2156 413 2218 inultum
433 2154 508 2217 abiit
525 2155 581 2231 iis,
601 2155 755 2239 quiequid
769 2157 838 2219 ausi
857 2174 1023 2237 perperam
1036 2165 1123 2217 sunt.
1158 2150 1227 2217 Sed

195 2278 263 2321 non
282 2256 381 2318 abibit
398 2275 495 2336 spero
514 2255 644 2320 diutius.
692 2256 799 2320 Video
826 2258 911 2318 enlm
934 2254 1067 2338 intelligi
1094 2254 1227 2335 passima

199 2379 264 2440 qua
291 2354 408 2436 injuria
433 2368 569 2439 regnent
599 2358 634 2419 iu
652 2355 779 2438 judiciis
805 2376 906 2433 nuuc,
940 2378 1025 2441 quos
1056 2355 1124 2419 vini
1150 2366 1227 2427 uun

196 2477 298 2519 essem
320 2478 362 2518 ex
381 2457 576 2521 auditoribus
596 2459 773 2522 Vormnciee
792 2480 889 2534 nuris,
910 2480 1036 2540 semper
1049 2458 1127 2541 quid
1143 2457 1225 2536 juris

197 2565 359 2645 querere,
390 2580 554 2643 uunquam
583 2560 709 2625 taudem
739 2561 899 2637 invenire,
924 2572 957 2624 et
976 2559 1009 2623 iu
1040 2560 1143 2625 rebus
1158 2563 1226 2641 ple·

195 2650 332 2745 rumque
364 2658 503 2738 frivolis,
543 2682 738 2747 quarumque
776 2661 918 2724 facillima
951 2660 1120 2727 videbatur
1149 2660 1227 2755 mibi

196 2761 357 2846 cognitio,
384 2783 518 2825 summas
538 2764 621 2825 ultro
645 2762 838 2825 difficultates
858 2779 1008 2838 nectere,
1029 2774 1061 2825 et
1081 2765 1225 2842 sepultos

194 2863 255 2926 sub
271 2863 424 2953 librorum
432 2864 608 2941 montibus,
629 2873 714 2927 totos
728 2886 957 2949 nonnunquam
969 2865 1054 2942 dies,
1076 2876 1224 2950 totasque

192 2962 352 3028 desudare
363 2975 483 3029 noctes.
514 2964 607 3029 Unde
619 2986 691 3028 eum
703 2967 874 3048 pallentes,
893 2977 927 3029 et
944 2966 1086 3031 exhausti
1102 2965 1223 3049 studio,

194 3066 382 3148 prodibant,
409 3086 447 3128 ea
465 3066 680 3150 loquebantur
698 3067 884 3150 saepissime,
914 3086 984 3152 quae
1003 3088 1065 3133 nos
1083 3064 1223 3151 probus

193 3166 328 3251 'quidem
348 3167 454 3229 verbis
475 3167 666 3249 engelramus
678 3194 695 3243 ,·
718 3168 808 3246 (nam
828 3167 982 3232 librorum
1003 3168 1224 3253 opprimebant

193 3266 396 3343 testimoniis)
416 3282 544 3332 atvero
564 3270 723 3333 sententiis
742 3267 961 3350 judicabamus
979 3267 1185 3350 ineptissimas
1199 3270 1222 3301 ²¹·

195 3476 200 3487 f
598 3387 812 3495 Hutteuus.¹
1155 3470 1158 3479 ,
1206 3474 1223 3505 -r

193 3578 199 3593 ¹
272 3502 394 3568 Tanurs
424 3503 513 3566 labor
533 3512 600 3580 est,
631 3526 755 3589 equum
788 3516 819 3566 et
847 3500 994 3589 iniquum
1025 3500 1223 3595 perverteris,

192 3586 275 3671 tiam
293 3604 385 3691 quod
414 3604 547 3668 istorum
572 3602 655 3666 aliud
677 3616 723 3667 est
743 3604 899 3681 studium,
923 3628 992 3691 quae
1011 3607 1097 3684 laus,
1128 3590 1223 3705 qnajq

193 3730 290 3792 posse
312 3730 436 3771 causam
456 3705 548 3769 etiarn
568 3705 813 3791 iniquissimam,
852 3709 940 3791 quasi
968 3729 1058 3792 aequa
1077 3708 1135 3786 sit,
1159 3690 1221 3775 'de-

192 3808 354 3903 leudem„
368 3820 399 3870 et
418 3829 672 3893 unamquamque
690 3808 806 3871 bonam
824 3809 961 3873 reddere
984 3808 1175 3895 pessimam?

576 3941 602 4005 F
609 3941 833 4008 ranciseus.

193 4020 218 4107 ,¹
268 4042 368 4111 Aliud
384 4063 452 4107 non
471 4054 539 4120 est,
569 4055 606 4106 ut
634 4045 796 4108 manifeste
828 4053 924 4127 petet·
969 4045 1053 4113 Nam
1070 4043 1225 4131 idam

192 4147 372 4239 muscipula,
399 4158 495 4229 atque
521 4145 567 4208 ibi
592 4168 713 4210 sunuua
737 4165 787 4206 ars
817 4156 883 4223 est,
926 4158 962 4210 ut
995 4146 1099 4232 siquis
1124 4146 1224 4231 noim

192 4251 316 4339 labatur
350 4247 500 4323 verbulo,
531 4268 630 4313 causa
655 4249 758 4311 statim
788 4250 946 4315 excidisse
974 4272 1048 4327 euru
1070 4253 1224 4337 piapen&

192 4350 241 4421 lta
266 4371 333 4415 non
358 4360 406 4411 est
432 4359 499 4412 tuta
526 4370 585 4431 per
610 4351 669 4415 hos
690 4352 904 4428 conscientia3
934 4353 969 4416 in
991 4351 1097 4417 verbis
1125 4350 1225 4437 sanate

195 4464 258 4530 est,
289 4452 455 4516 damnetur
483 4451 571 4535 quis,
614 4471 655 4514 an
681 4453 876 4517 absolvatur.
943 4456 1058 4539 Neque
1091 4454 1225 4541 suulnpl
