2618 5108
212 803 287 882 ill
544 740 718 911 ›Soongis
741 808 883 886 Erasini

215 1000 401 1066 mimonerct
425 1021 501 1080 mc,
526 1021 569 1065 ne
597 1001 771 1066 insectarer
810 1001 1001 1077 Lutlterum3
1040 1024 1075 1067 se
1106 1000 1237 1087 quidem

211 1101 386 1185 ¹plurimum
404 1103 514 1166 lavere
534 1102 627 1180 milii,
655 1114 803 1165 ceterum
828 1123 881 1167 me
899 1126 964 1168 non
982 1125 1079 1185 posse
1098 1104 1169 1186 ipso
1186 1102 1239 1168 uti

215 1202 335 1280 antico,
361 1201 422 1265 nisi
459 1203 645 1266 aLuthero
673 1201 856 1283 impetendo
890 1216 1107 1286 temperarem.
1150 1204 1238 1268 Cum

216 1317 321 1368 antem
355 1303 389 1367 id
417 1303 568 1383 temporis
603 1304 679 1366 nihil
709 1303 813 1367 minus
842 1306 1032 1388 cogitarem,
1069 1325 1163 1387 quam
1195 1306 1237 1368 de

215 1407 359 1469 Luthero
379 1403 502 1486 scriptis
532 1403 733 1486 impetendo,
761 1404 927 1466 videbatur
952 1405 1033 1468 inter
1052 1427 1111 1468 nos
1129 1406 1238 1468 lutura

214 1505 429 1591 tranquillitas.
468 1504 551 1568 Cum
579 1504 662 1585 apud
689 1525 749 1568 nos
769 1504 845 1594 nihil
871 1506 996 1569 interim
1025 1516 1108 1568 esset
1132 1518 1239 1571 ortum

215 1629 306 1669 nove
325 1605 389 1681 rei,
410 1607 505 1688 paulo
526 1615 599 1685 post
618 1604 759 1666 adfertur
780 1605 938 1669 horribilis
957 1606 1100 1668 nuntius:
1121 1608 1238 1670 Hutte-

214 1729 308 1783 num,
330 1708 533 1768 vehementer
550 1704 726 1779 infensum,
747 1705 886 1769 scribere
906 1706 939 1768 in
964 1709 1139 1768 Erasmum.
1158 1709 1237 1770 Hrec

213 1807 356 1892 p'uribus
386 1808 658 1869 commemoranda
682 1806 777 1882 duxi,
810 1817 846 1869 ut
865 1806 1067 1889 perspicuum
1099 1807 1157 1884 sit,
1185 1828 1237 1870 me

101 1929 104 1936 ’
214 1929 277 1971 nec
298 1906 469 1991 quicquam
489 1906 679 1988 cognovisse
709 1926 751 1967 cx
780 1909 897 1982 Beato,
930 1927 1037 1990 neque
1066 1909 1107 1970 de
1132 1909 1238 1972 animo

216 2008 350 2073 Hutteni
370 2010 493 2071 offenso
514 2009 682 2090 quicquam
702 2006 846 2086 potuisse
857 2007 1019 2087 suspicari.
1057 2008 1130 2069 Hoc
1141 2008 1238 2091 igitur

213 2110 421 2173 fundamento
459 2107 600 2182 sublato,
635 2106 772 2179 corruit,
809 2107 961 2191 quicquid
1001 2109 1051 2170 hic
1078 2108 1238 2170 calumniae

215 2207 405 2290 superstruit
431 2208 602 2269 Huttenus.
652 2204 720 2268 Cur
740 2227 805 2293 non
824 2207 909 2270 idem
927 2210 990 2270 lieo
1009 2208 1167 2269 mandavit
1187 2208 1238 2270 hic

214 2306 462 2389 Eppendorpius
481 2305 592 2369 Achati
612 2325 690 2380 suo,
719 2307 807 2388 quod
835 2307 897 2369 illic
921 2310 1080 2370 mandarat
1108 2307 1237 2371 Beato?

213 2408 257 2472 At
276 2407 327 2469 ille
350 2404 558 2482 renuntiavit,
580 2405 754 2468 Huttenum
772 2427 886 2469 sereno
913 2407 1147 2490 tranquilloque
1167 2427 1238 2470 esse

214 2507 249 2570 in
268 2529 319 2570 me
338 2508 454 2570 animo.
492 2508 589 2586 Quod
615 2506 642 2568 si
666 2527 728 2588 ego
749 2507 915 2570 sensissem
935 2508 1070 2570 animum
1090 2508 1237 2584 Hutteni,

215 2629 312 2690 quern
331 2619 396 2670 tum
416 2626 493 2669 vere
512 2607 668 2683 amabam,
689 2607 792 2689 aliqua
811 2608 991 2687 suspicione
1013 2611 1239 2685 exulceratum,

215 2710 292 2774 nihil
311 2731 392 2791 opus
411 2721 496 2786 erat,
523 2709 640 2772 ambire
660 2707 870 2790 colloquium,
899 2707 966 2789 ipse
985 2711 1068 2770 ultro
1089 2711 1140 2770 vel
1159 2731 1239 2772 con·

216 2832 344 2895 gressu,
385 2812 437 2871 vel
469 2808 566 2873 literis
603 2807 742 2872 nascenti
775 2811 856 2870 malo
894 2809 1066 2872 medicatus
1096 2809 1238 2874 fuissem.

215 2914 296 2976 Nam
324 2933 362 2973 ea
390 2912 431 2974 de
452 2910 571 2994 quibus
589 2910 717 2972 volebat
735 2910 957 2987 expostulare,
985 2930 1078 2992 quam
1099 2909 1162 2972 sint
1183 2911 1240 2975 tri-

215 3016 307 3087 vola,
326 3033 403 3076 mox
425 3012 572 3093 aperiam.
586 3037 589 3043 ·
611 3011 677 3074 Sed
688 3008 791 3090 prodo
805 3008 1027 3071 conscientiam
1039 3008 1239 3089 insincerus,

216 3112 306 3194 quod
322 3112 355 3174 in
372 3111 470 3174 literis
482 3113 521 3175 ad
533 3112 708 3174 Laurinum
723 3118 873 3188 praetexo,
894 3109 1121 3188 hypocaustum
1139 3113 1239 3176 luisse

217 3209 252 3272 in
271 3231 381 3285 causa,
407 3209 593 3293 quominus
614 3212 777 3292 congressi
802 3208 916 3283 simus,
945 3212 1031 3271 velut
1050 3212 1240 3276 amoliensa

217 3331 268 3374 me
287 3309 405 3372 crimen
424 3309 664 3373 inhumanitatis.
702 3309 770 3373 lmo
791 3311 880 3372 soleo
901 3310 1035 3373 libenter
1056 3310 1089 3372 in
1110 3313 1236 3393 scriptis

217 3409 296 3475 meis
337 3410 508 3473 amicorum
544 3409 721 3474 meminisse
764 3431 822 3491 per
855 3410 1069 3485 occasionem
1101 3433 1240 3497 cumque

218 3515 324 3595 plures
340 3522 445 3576 essent
463 3516 580 3587 causae,
599 3531 656 3574 cur
679 3512 898 3574 detrectassem
911 3511 1120 3592 colloquium,
1141 3516 1240 3579 solam

218 3614 252 3677 in
273 3613 368 3676 literis
402 3612 533 3675 edendis
560 3632 629 3679 eam
650 3611 777 3684 refero,
812 3631 881 3694 quse
905 3610 980 3673 nihil
1004 3613 1134 3675 haberet
1161 3613 1239 3691 odii,
1276 3643 1279 3649 ¹

219 3713 340 3777 tametsi
363 3715 522 3776 Huttenus
541 3715 619 3775 hanc
640 3712 781 3773 odiosam
797 3721 889 3772 vocat
903 3711 936 3773 in
948 3712 1082 3793 quadam
1096 3714 1239 3794 epistola.

219 3815 301 3877 tttud
326 3835 402 3875 saue
423 3811 606 3889 ridiculum,
636 3814 725 3894 quod
746 3814 930 3894 frequenter
961 3813 1179 3890 obambulans,
1203 3827 1240 3879 ut

221 3914 280 3990 ait,
306 3925 419 3995 praeter
444 3912 573 3974 domum
590 3934 703 3987 meam,
736 3933 870 3975 evocare
898 3923 1028 3975 conatus
1056 3914 1095 3974 sit
1123 3936 1173 3977 nie
1201 3916 1242 3978 ed

222 4015 434 4097 colloquium,
461 4034 519 4074 nec
548 4033 599 4075 me
621 4011 655 4074 id
680 4012 810 4094 fugisse.
833 4041 837 4048 ·
863 4013 987 4075 Scilicet
1008 4016 1097 4076 soleo
1122 4015 1240 4078 brumes

221 4127 364 4197 tempore
386 4111 533 4176 obsidere
550 4112 590 4173 ad
607 4112 793 4189 fenestram,
815 4114 1010 4193 prospiciens
1032 4118 1058 4175 si
1076 4113 1147 4198 quis
1161 4137 1241 4196 praa·

221 4227 331 4281 terent.
370 4213 433 4276 Sed
460 4212 537 4295 quid
556 4234 637 4292 opus
660 4225 727 4275 erat
749 4214 795 4277 sic
814 4214 948 4275 elicere?
978 4216 1147 4297 Nunquam
1168 4218 1239 4280 lere

221 4338 288 4380 non
313 4314 437 4397 patebat
462 4312 576 4376 ostium
598 4314 712 4377 domus
738 4334 831 4388 mear,
870 4326 983 4396 preter
1003 4336 1123 4377 morem
1143 4314 1240 4398 hujus

222 4416 329 4494 urbis,
362 4414 476 4479 licebat
507 4412 632 4497 ingredi
655 4424 687 4477 et
704 4416 867 4496 postulare
890 4416 1096 4501 colloquium.
1141 4419 1239 4499 Quod
