<?xml version="1.0" encoding="UTF-8"?>
<!DOCTYPE html PUBLIC "-//W3C//DTD XHTML 1.0 Transitional//EN"
    "http://www.w3.org/TR/xhtml1/DTD/xhtml1-transitional.dtd">
<html xmlns="http://www.w3.org/1999/xhtml" xml:lang="en" lang="en">
 <head>
  <title>
</title>
<meta http-equiv="Content-Type" content="text/html;charset=utf-8" />
  <meta name='ocr-system' content='tesseract 3.04.00' />
  <meta name='ocr-capabilities' content='ocr_page ocr_carea ocr_par ocr_line ocrx_word'/>
</head>
<body>
  <div class='ocr_page' id='page_1' title='image "./ulrichiabhutten00mngoog_0574.png"; bbox 0 0 2618 5108; ppageno 0'>
   <div class='ocr_carea' id='block_1_1' title="bbox 342 39 1301 344">
    <p class='ocr_par' dir='ltr' id='par_1_1' title="bbox 342 39 1301 344">
     <span class='ocr_line' id='line_1_1' title="bbox 342 39 1301 344; baseline -0.021 0"><span class='ocrx_word' id='word_1_1' title='bbox 342 39 1301 344; x_wconf 58' lang='lat' dir='ltr'>m</span> 
     </span>
    </p>
   </div>
   <div class='ocr_carea' id='block_1_2' title="bbox 203 700 973 833">
    <p class='ocr_par' dir='ltr' id='par_1_2' title="bbox 203 700 973 833">
     <span class='ocr_line' id='line_1_2' title="bbox 203 700 973 833; baseline -0.006 0"><span class='ocrx_word' id='word_1_2' title='bbox 203 758 273 833; x_wconf 80' lang='lat' dir='ltr'><strong>sss</strong></span> <span class='ocrx_word' id='word_1_3' title='bbox 477 700 658 831; x_wconf 61' lang='lat' dir='ltr'><strong>sunem</strong></span> <span class='ocrx_word' id='word_1_4' title='bbox 683 756 825 829; x_wconf 69' lang='lat' dir='ltr'><strong>erasmi</strong></span> <span class='ocrx_word' id='word_1_5' title='bbox 851 755 973 830; x_wconf 72' lang='lat' dir='ltr'><strong>uberi</strong></span> 
     </span>
    </p>
   </div>
   <div class='ocr_carea' id='block_1_3' title="bbox 201 945 1271 1130">
    <p class='ocr_par' dir='ltr' id='par_1_3' title="bbox 201 945 1271 1130">
     <span class='ocr_line' id='line_1_3' title="bbox 201 945 1240 1032; baseline -0.002 -22"><span class='ocrx_word' id='word_1_6' title='bbox 201 948 321 1011; x_wconf 80' lang='lat' dir='ltr'><strong>tiorum</strong></span> <span class='ocrx_word' id='word_1_7' title='bbox 342 949 441 1032; x_wconf 80' lang='lat' dir='ltr'><strong>parcit</strong></span> <span class='ocrx_word' id='word_1_8' title='bbox 461 946 595 1023; x_wconf 89' lang='lat' dir='ltr'><strong>nemini,</strong></span> <span class='ocrx_word' id='word_1_9' title='bbox 616 947 779 1032; x_wconf 78' lang='lat' dir='ltr'><strong>pudefacit</strong></span> <span class='ocrx_word' id='word_1_10' title='bbox 799 967 923 1023; x_wconf 65' lang='lat' dir='ltr'><strong>omnem</strong></span> <span class='ocrx_word' id='word_1_11' title='bbox 954 956 1101 1008; x_wconf 73' lang='lat' dir='ltr'><strong>ueterum</strong></span> <span class='ocrx_word' id='word_1_12' title='bbox 1131 945 1240 1025; x_wconf 82' lang='lat' dir='ltr'><strong>pude-</strong></span> 
     </span>
     <span class='ocr_line' id='line_1_4' title="bbox 203 1048 1271 1130; baseline -0.001 -18"><span class='ocrx_word' id='word_1_13' title='bbox 203 1050 305 1113; x_wconf 78' lang='lat' dir='ltr'><strong>lactos</strong></span> <span class='ocrx_word' id='word_1_14' title='bbox 335 1063 368 1112; x_wconf 87' lang='lat' dir='ltr'><strong>et</strong></span> <span class='ocrx_word' id='word_1_15' title='bbox 394 1071 464 1113; x_wconf 82' lang='lat' dir='ltr'><strong>sese</strong></span> <span class='ocrx_word' id='word_1_16' title='bbox 498 1062 730 1130; x_wconf 74' lang='lat' dir='ltr'>cognoscentes</span> <span class='ocrx_word' id='word_1_17' title='bbox 765 1048 907 1130; x_wconf 85' lang='lat' dir='ltr'><strong>suscipit.</strong></span> <span class='ocrx_word' id='word_1_18' title='bbox 962 1048 1060 1110; x_wconf 85' lang='lat' dir='ltr'><strong>Aliud</strong></span> <span class='ocrx_word' id='word_1_19' title='bbox 1097 1057 1239 1111; x_wconf 74' lang='lat' dir='ltr'><strong>conetur</strong></span> <span class='ocrx_word' id='word_1_20' title='bbox 1267 1082 1271 1087; x_wconf 95' lang='lat'>·</span> 
     </span>
    </p>
   </div>
   <div class='ocr_carea' id='block_1_4' title="bbox 200 1150 1273 4464">
    <p class='ocr_par' dir='ltr' id='par_1_4' title="bbox 204 1150 366 1213">
     <span class='ocr_line' id='line_1_5' title="bbox 204 1150 366 1213; baseline -0.006 0"><span class='ocrx_word' id='word_1_21' title='bbox 204 1150 366 1213; x_wconf 69' lang='lat' dir='ltr'><strong>Erasmus.</strong></span> 
     </span>
    </p>

    <p class='ocr_par' dir='ltr' id='par_1_5' title="bbox 200 1245 1273 4464">
     <span class='ocr_line' id='line_1_6' title="bbox 278 1245 1240 1331; baseline -0.004 -19"><span class='ocrx_word' id='word_1_22' title='bbox 278 1253 359 1312; x_wconf 78' lang='lat' dir='ltr'><strong>Eam</strong></span> <span class='ocrx_word' id='word_1_23' title='bbox 379 1251 564 1331; x_wconf 82' lang='lat' dir='ltr'>opinionem</span> <span class='ocrx_word' id='word_1_24' title='bbox 583 1249 646 1330; x_wconf 83' lang='lat' dir='ltr'><strong>jam</strong></span> <span class='ocrx_word' id='word_1_25' title='bbox 665 1248 786 1311; x_wconf 89' lang='lat' dir='ltr'><strong>dudum</strong></span> <span class='ocrx_word' id='word_1_26' title='bbox 805 1268 866 1331; x_wconf 89' lang='lat' dir='ltr'><strong>pro</strong></span> <span class='ocrx_word' id='word_1_27' title='bbox 885 1267 941 1307; x_wconf 77' lang='lat' dir='ltr'><strong>sna</strong></span> <span class='ocrx_word' id='word_1_28' title='bbox 954 1248 1088 1308; x_wconf 79' lang='lat' dir='ltr'><strong>humans</strong></span> <span class='ocrx_word' id='word_1_29' title='bbox 1106 1245 1240 1327; x_wconf 79' lang='lat' dir='ltr'><strong>sapien·</strong></span> 
     </span>
     <span class='ocr_line' id='line_1_7' title="bbox 215 1347 1238 1434; baseline -0.005 -21"><span class='ocrx_word' id='word_1_30' title='bbox 215 1350 245 1413; x_wconf 85' lang='lat' dir='ltr'><strong>ia</strong></span> <span class='ocrx_word' id='word_1_31' title='bbox 264 1353 411 1434; x_wconf 84' lang='lat' dir='ltr'>concepit</span> <span class='ocrx_word' id='word_1_32' title='bbox 430 1356 597 1428; x_wconf 76' lang='lat' dir='ltr'><strong>Erasmus,</strong></span> <span class='ocrx_word' id='word_1_33' title='bbox 626 1353 685 1416; x_wconf 91' lang='lat' dir='ltr'><strong>sed</strong></span> <span class='ocrx_word' id='word_1_34' title='bbox 702 1372 813 1430; x_wconf 82' lang='lat' dir='ltr'><strong>parum</strong></span> <span class='ocrx_word' id='word_1_35' title='bbox 833 1347 987 1430; x_wconf 80' lang='lat' dir='ltr'><strong>profecit,</strong></span> <span class='ocrx_word' id='word_1_36' title='bbox 1022 1367 1131 1428; x_wconf 88' lang='lat' dir='ltr'><strong>neque</strong></span> <span class='ocrx_word' id='word_1_37' title='bbox 1151 1368 1238 1408; x_wconf 87' lang='lat' dir='ltr'><strong>vero</strong></span> 
     </span>
     <span class='ocr_line' id='line_1_8' title="bbox 201 1447 1239 1535; baseline -0.007 -19"><span class='ocrx_word' id='word_1_38' title='bbox 201 1452 248 1516; x_wconf 86' lang='lat' dir='ltr'><strong>sic</strong></span> <span class='ocrx_word' id='word_1_39' title='bbox 273 1475 371 1534; x_wconf 90' lang='lat' dir='ltr'><strong>porro</strong></span> <span class='ocrx_word' id='word_1_40' title='bbox 401 1454 566 1535; x_wconf 83' lang='lat' dir='ltr'><strong>proficiet,</strong></span> <span class='ocrx_word' id='word_1_41' title='bbox 600 1453 661 1515; x_wconf 90' lang='lat' dir='ltr'><strong>nisi</strong></span> <span class='ocrx_word' id='word_1_42' title='bbox 687 1474 753 1514; x_wconf 91' lang='lat' dir='ltr'><strong>non</strong></span> <span class='ocrx_word' id='word_1_43' title='bbox 776 1451 989 1525; x_wconf 71' lang='lat' dir='ltr'><strong>mendosus,</strong></span> <span class='ocrx_word' id='word_1_44' title='bbox 1017 1447 1073 1529; x_wconf 90' lang='lat' dir='ltr'><strong>qui</strong></span> <span class='ocrx_word' id='word_1_45' title='bbox 1098 1458 1131 1508; x_wconf 87' lang='lat' dir='ltr'><strong>et</strong></span> <span class='ocrx_word' id='word_1_46' title='bbox 1163 1447 1239 1528; x_wconf 87' lang='lat' dir='ltr'><strong>ipse</strong></span> 
     </span>
     <span class='ocr_line' id='line_1_9' title="bbox 205 1538 1239 1639; baseline -0.007 -21"><span class='ocrx_word' id='word_1_47' title='bbox 205 1556 264 1618; x_wconf 83' lang='lat' dir='ltr'><strong>hac</strong></span> <span class='ocrx_word' id='word_1_48' title='bbox 283 1554 335 1616; x_wconf 76' lang='lat' dir='ltr'><strong>vie</strong></span> <span class='ocrx_word' id='word_1_49' title='bbox 362 1547 429 1617; x_wconf 87' lang='lat' dir='ltr'><strong>non</strong></span> <span class='ocrx_word' id='word_1_50' title='bbox 450 1552 612 1639; x_wconf 83' lang='lat' dir='ltr'><strong>ingressus</strong></span> <span class='ocrx_word' id='word_1_51' title='bbox 632 1564 697 1627; x_wconf 89' lang='lat' dir='ltr'><strong>est,</strong></span> <span class='ocrx_word' id='word_1_52' title='bbox 725 1552 783 1613; x_wconf 83' lang='lat' dir='ltr'><strong>sed</strong></span> <span class='ocrx_word' id='word_1_53' title='bbox 809 1572 934 1630; x_wconf 78' lang='lat' dir='ltr'>semper</span> <span class='ocrx_word' id='word_1_54' title='bbox 963 1550 1061 1612; x_wconf 80' lang='lat' dir='ltr'><strong>semet</strong></span> <span class='ocrx_word' id='word_1_55' title='bbox 1087 1538 1239 1630; x_wconf 55' lang='lat' dir='ltr'><strong>gravavit</strong></span> 
     </span>
     <span class='ocr_line' id='line_1_10' title="bbox 204 1650 1240 1736; baseline -0.004 -20"><span class='ocrx_word' id='word_1_56' title='bbox 204 1653 343 1729; x_wconf 85' lang='lat' dir='ltr'><strong>invidia,</strong></span> <span class='ocrx_word' id='word_1_57' title='bbox 370 1654 464 1716; x_wconf 82' lang='lat' dir='ltr'><strong>ctiam</strong></span> <span class='ocrx_word' id='word_1_58' title='bbox 491 1675 563 1716; x_wconf 91' lang='lat' dir='ltr'><strong>cum</strong></span> <span class='ocrx_word' id='word_1_59' title='bbox 587 1655 621 1716; x_wconf 93' lang='lat' dir='ltr'><strong>id</strong></span> <span class='ocrx_word' id='word_1_60' title='bbox 639 1652 790 1734; x_wconf 93' lang='lat' dir='ltr'><strong>temporis</strong></span> <span class='ocrx_word' id='word_1_61' title='bbox 810 1673 876 1714; x_wconf 91' lang='lat' dir='ltr'><strong>non</strong></span> <span class='ocrx_word' id='word_1_62' title='bbox 903 1664 986 1714; x_wconf 88' lang='lat' dir='ltr'><strong>esset</strong></span> <span class='ocrx_word' id='word_1_63' title='bbox 1008 1650 1088 1710; x_wconf 82' lang='lat' dir='ltr'><strong>adeo</strong></span> <span class='ocrx_word' id='word_1_64' title='bbox 1118 1652 1240 1736; x_wconf 60' lang='grc' dir='ltr'><strong>πονηρὼ</strong></span> 
     </span>
     <span class='ocr_line' id='line_1_11' title="bbox 204 1739 1237 1837; baseline -0.006 -17"><span class='ocrx_word' id='word_1_65' title='bbox 204 1739 359 1820; x_wconf 74' lang='lat' dir='ltr'><strong>iudaicus</strong></span> <span class='ocrx_word' id='word_1_66' title='bbox 391 1756 548 1837; x_wconf 85' lang='lat' dir='ltr'><strong>populus,</strong></span> <span class='ocrx_word' id='word_1_67' title='bbox 579 1756 660 1817; x_wconf 85' lang='lat' dir='ltr'><strong>sicut</strong></span> <span class='ocrx_word' id='word_1_68' title='bbox 688 1773 774 1816; x_wconf 86' lang='lat' dir='ltr'><strong>nune</strong></span> <span class='ocrx_word' id='word_1_69' title='bbox 802 1765 850 1813; x_wconf 88' lang='lat' dir='ltr'><strong>est</strong></span> <span class='ocrx_word' id='word_1_70' title='bbox 875 1754 926 1815; x_wconf 88' lang='lat' dir='ltr'><strong>hic</strong></span> <span class='ocrx_word' id='word_1_71' title='bbox 955 1752 1044 1813; x_wconf 88' lang='lat' dir='ltr'><strong>orbis</strong></span> <span class='ocrx_word' id='word_1_72' title='bbox 1069 1750 1237 1833; x_wconf 73' lang='lat' dir='ltr'><strong>Pepistico</strong></span> 
     </span>
     <span class='ocr_line' id='line_1_12' title="bbox 203 1853 1238 1937; baseline -0.005 -19"><span class='ocrx_word' id='word_1_73' title='bbox 203 1875 306 1937; x_wconf 86' lang='lat' dir='ltr'><strong>regno</strong></span> <span class='ocrx_word' id='word_1_74' title='bbox 340 1853 511 1917; x_wconf 88' lang='lat' dir='ltr'><strong>obnoxius.</strong></span> <span class='ocrx_word' id='word_1_75' title='bbox 558 1857 609 1916; x_wconf 87' lang='lat' dir='ltr'><strong>Ex</strong></span> <span class='ocrx_word' id='word_1_76' title='bbox 639 1857 702 1917; x_wconf 87' lang='lat' dir='ltr'><strong>hoc</strong></span> <span class='ocrx_word' id='word_1_77' title='bbox 736 1853 859 1918; x_wconf 78' lang='lat' dir='ltr'><strong>Erasini</strong></span> <span class='ocrx_word' id='word_1_78' title='bbox 890 1854 994 1915; x_wconf 87' lang='lat' dir='ltr'><strong>libello</strong></span> <span class='ocrx_word' id='word_1_79' title='bbox 1028 1853 1120 1915; x_wconf 82' lang='lat' dir='ltr'><strong>facile</strong></span> <span class='ocrx_word' id='word_1_80' title='bbox 1142 1854 1238 1914; x_wconf 89' lang='lat' dir='ltr'><strong>intel·</strong></span> 
     </span>
     <span class='ocr_line' id='line_1_13' title="bbox 202 1952 1239 2036; baseline -0.001 -18"><span class='ocrx_word' id='word_1_81' title='bbox 202 1957 319 2018; x_wconf 86' lang='lat' dir='ltr'><strong>lexeris</strong></span> <span class='ocrx_word' id='word_1_82' title='bbox 352 1952 450 2036; x_wconf 90' lang='lat' dir='ltr'><strong>ipsius</strong></span> <span class='ocrx_word' id='word_1_83' title='bbox 481 1955 521 2018; x_wconf 93' lang='lat' dir='ltr'><strong>de</strong></span> <span class='ocrx_word' id='word_1_84' title='bbox 542 1955 684 2017; x_wconf 87' lang='lat' dir='ltr'><strong>Luthero</strong></span> <span class='ocrx_word' id='word_1_85' title='bbox 706 1954 922 2029; x_wconf 69' lang='lat' dir='ltr'><strong>sententiam,</strong></span> <span class='ocrx_word' id='word_1_86' title='bbox 936 1953 1057 2015; x_wconf 81' lang='lat' dir='ltr'><strong>tametsi</strong></span> <span class='ocrx_word' id='word_1_87' title='bbox 1077 1954 1137 2014; x_wconf 89' lang='lat' dir='ltr'><strong>sub</strong></span> <span class='ocrx_word' id='word_1_88' title='bbox 1158 1953 1239 2017; x_wconf 88' lang='lat' dir='ltr'><strong>sim·</strong></span> 
     </span>
     <span class='ocr_line' id='line_1_14' title="bbox 202 2052 1237 2139; baseline 0 -22"><span class='ocrx_word' id='word_1_89' title='bbox 202 2054 276 2136; x_wconf 85' lang='lat' dir='ltr'><strong>plici</strong></span> <span class='ocrx_word' id='word_1_90' title='bbox 303 2067 458 2138; x_wconf 69' lang='lat' dir='ltr'><strong>protextu</strong></span> <span class='ocrx_word' id='word_1_91' title='bbox 484 2055 643 2139; x_wconf 83' lang='lat' dir='ltr'><strong>peragitet</strong></span> <span class='ocrx_word' id='word_1_92' title='bbox 673 2054 797 2130; x_wconf 80' lang='lat' dir='ltr'><strong>omnin,</strong></span> <span class='ocrx_word' id='word_1_93' title='bbox 835 2057 896 2116; x_wconf 91' lang='lat' dir='ltr'><strong>hoc</strong></span> <span class='ocrx_word' id='word_1_94' title='bbox 932 2065 997 2130; x_wconf 88' lang='lat' dir='ltr'><strong>est,</strong></span> <span class='ocrx_word' id='word_1_95' title='bbox 1029 2057 1096 2114; x_wconf 83' lang='lat' dir='ltr'><strong>vult</strong></span> <span class='ocrx_word' id='word_1_96' title='bbox 1126 2052 1237 2117; x_wconf 81' lang='lat' dir='ltr'><strong>v‘ideri</strong></span> 
     </span>
     <span class='ocr_line' id='line_1_15' title="bbox 202 2154 1236 2232; baseline -0.002 -13"><span class='ocrx_word' id='word_1_97' title='bbox 202 2177 269 2219; x_wconf 93' lang='lat' dir='ltr'><strong>non</strong></span> <span class='ocrx_word' id='word_1_98' title='bbox 289 2156 466 2232; x_wconf 83' lang='lat' dir='ltr'><strong>adversari,</strong></span> <span class='ocrx_word' id='word_1_99' title='bbox 486 2156 605 2218; x_wconf 76' lang='lat' dir='ltr'><strong>iaciens</strong></span> <span class='ocrx_word' id='word_1_100' title='bbox 625 2155 750 2219; x_wconf 77' lang='lat' dir='ltr'><strong>interim</strong></span> <span class='ocrx_word' id='word_1_101' title='bbox 769 2156 844 2218; x_wconf 90' lang='lat' dir='ltr'><strong>nihil</strong></span> <span class='ocrx_word' id='word_1_102' title='bbox 863 2154 977 2217; x_wconf 91' lang='lat' dir='ltr'><strong>minus.</strong></span> <span class='ocrx_word' id='word_1_103' title='bbox 1018 2154 1160 2215; x_wconf 81' lang='lat' dir='ltr'><strong>Sentiunt</strong></span> <span class='ocrx_word' id='word_1_104' title='bbox 1181 2155 1236 2218; x_wconf 83' lang='lat' dir='ltr'><strong>alii</strong></span> 
     </span>
     <span class='ocr_line' id='line_1_16' title="bbox 202 2256 1235 2341; baseline 0.001 -22"><span class='ocrx_word' id='word_1_105' title='bbox 202 2256 244 2319; x_wconf 83' lang='lat' dir='ltr'><strong>cle</strong></span> <span class='ocrx_word' id='word_1_106' title='bbox 263 2256 426 2332; x_wconf 87' lang='lat' dir='ltr'><strong>Luthero‚</strong></span> <span class='ocrx_word' id='word_1_107' title='bbox 461 2257 540 2339; x_wconf 91' lang='lat' dir='ltr'><strong>quid</strong></span> <span class='ocrx_word' id='word_1_108' title='bbox 558 2256 676 2331; x_wconf 80' lang='lat' dir='ltr'><strong>velint3</strong></span> <span class='ocrx_word' id='word_1_109' title='bbox 708 2277 771 2341; x_wconf 84' lang='lat' dir='ltr'><strong>ego</strong></span> <span class='ocrx_word' id='word_1_110' title='bbox 798 2259 849 2317; x_wconf 86' lang='lat' dir='ltr'><strong>vel</strong></span> <span class='ocrx_word' id='word_1_111' title='bbox 874 2278 917 2318; x_wconf 88' lang='lat' dir='ltr'><strong>ex</strong></span> <span class='ocrx_word' id='word_1_112' title='bbox 943 2258 1007 2319; x_wconf 82' lang='lat' dir='ltr'><strong>vita</strong></span> <span class='ocrx_word' id='word_1_113' title='bbox 1036 2277 1106 2319; x_wconf 81' lang='lat' dir='ltr'><strong>mea</strong></span> <span class='ocrx_word' id='word_1_114' title='bbox 1134 2257 1235 2335; x_wconf 89' lang='lat' dir='ltr'><strong>sensi,</strong></span> 
     </span>
     <span class='ocr_line' id='line_1_17' title="bbox 204 2355 1236 2437; baseline 0.009 -24"><span class='ocrx_word' id='word_1_115' title='bbox 204 2365 356 2436; x_wconf 82' lang='lat' dir='ltr'><strong>quamum</strong></span> <span class='ocrx_word' id='word_1_116' title='bbox 377 2355 573 2417; x_wconf 80' lang='lat' dir='ltr'><strong>saluberrimi</strong></span> <span class='ocrx_word' id='word_1_117' title='bbox 591 2357 722 2418; x_wconf 86' lang='lat' dir='ltr'><strong>loenoris</strong></span> <span class='ocrx_word' id='word_1_118' title='bbox 756 2377 814 2437; x_wconf 92' lang='lat' dir='ltr'><strong>per</strong></span> <span class='ocrx_word' id='word_1_119' title='bbox 840 2356 927 2418; x_wconf 91' lang='lat' dir='ltr'><strong>illum</strong></span> <span class='ocrx_word' id='word_1_120' title='bbox 956 2358 1122 2421; x_wconf 81' lang='lat' dir='ltr'><strong>accesserit</strong></span> <span class='ocrx_word' id='word_1_121' title='bbox 1142 2360 1236 2436; x_wconf 92' lang='lat' dir='ltr'><strong>mihi,</strong></span> 
     </span>
     <span class='ocr_line' id='line_1_18' title="bbox 202 2454 1235 2541; baseline 0.005 -23"><span class='ocrx_word' id='word_1_122' title='bbox 202 2454 325 2518; x_wconf 81' lang='lat' dir='ltr'><strong>misello</strong></span> <span class='ocrx_word' id='word_1_123' title='bbox 344 2455 454 2535; x_wconf 79' lang='lat' dir='ltr'><strong>prius,</strong></span> <span class='ocrx_word' id='word_1_124' title='bbox 480 2457 569 2538; x_wconf 81' lang='lat' dir='ltr'><strong>quod</strong></span> <span class='ocrx_word' id='word_1_125' title='bbox 597 2458 725 2540; x_wconf 88' lang='lat' dir='ltr'><strong>quidem</strong></span> <span class='ocrx_word' id='word_1_126' title='bbox 750 2457 889 2541; x_wconf 83' lang='lat' dir='ltr'><strong>ingenue</strong></span> <span class='ocrx_word' id='word_1_127' title='bbox 908 2459 1029 2534; x_wconf 84' lang='lat' dir='ltr'><strong>fateor,</strong></span> <span class='ocrx_word' id='word_1_128' title='bbox 1063 2481 1235 2541; x_wconf 80' lang='lat' dir='ltr'><strong>nunquam</strong></span> 
     </span>
     <span class='ocr_line' id='line_1_19' title="bbox 201 2557 1235 2643; baseline 0.005 -23"><span class='ocrx_word' id='word_1_129' title='bbox 201 2557 377 2642; x_wconf 85' lang='lat' dir='ltr'><strong>potuissem</strong></span> <span class='ocrx_word' id='word_1_130' title='bbox 397 2580 439 2622; x_wconf 84' lang='lat' dir='ltr'><strong>cx</strong></span> <span class='ocrx_word' id='word_1_131' title='bbox 457 2558 626 2621; x_wconf 80' lang='lat' dir='ltr'><strong>Ernsmicis</strong></span> <span class='ocrx_word' id='word_1_132' title='bbox 646 2558 768 2637; x_wconf 86' lang='lat' dir='ltr'><strong>scriptis</strong></span> <span class='ocrx_word' id='word_1_133' title='bbox 796 2559 1000 2633; x_wconf 78' lang='lat' dir='ltr'><strong>lucrifacere;</strong></span> <span class='ocrx_word' id='word_1_134' title='bbox 1030 2562 1235 2643; x_wconf 70' lang='lat' dir='ltr'><strong>experientia</strong></span> 
     </span>
     <span class='ocr_line' id='line_1_20' title="bbox 205 2657 1237 2742; baseline 0 -18"><span class='ocrx_word' id='word_1_135' title='bbox 205 2662 274 2742; x_wconf 79' lang='lat' dir='ltr'><strong>ipso</strong></span> <span class='ocrx_word' id='word_1_136' title='bbox 292 2660 333 2722; x_wconf 84' lang='lat' dir='ltr'><strong>ita</strong></span> <span class='ocrx_word' id='word_1_137' title='bbox 354 2682 403 2722; x_wconf 93' lang='lat' dir='ltr'><strong>me</strong></span> <span class='ocrx_word' id='word_1_138' title='bbox 423 2657 539 2722; x_wconf 87' lang='lat' dir='ltr'><strong>sentire</strong></span> <span class='ocrx_word' id='word_1_139' title='bbox 562 2660 665 2722; x_wconf 78' lang='lat' dir='ltr'><strong>(locet.</strong></span> <span class='ocrx_word' id='word_1_140' title='bbox 717 2660 858 2724; x_wconf 85' lang='lat' dir='ltr'><strong>Proinde</strong></span> <span class='ocrx_word' id='word_1_141' title='bbox 880 2661 1037 2721; x_wconf 77' lang='lat' dir='ltr'><strong>Erasmica</strong></span> <span class='ocrx_word' id='word_1_142' title='bbox 1071 2662 1237 2724; x_wconf 81' lang='lat' dir='ltr'><strong>aLuthe·</strong></span> 
     </span>
     <span class='ocr_line' id='line_1_21' title="bbox 204 2760 1236 2841; baseline -0.001 -15"><span class='ocrx_word' id='word_1_143' title='bbox 204 2761 306 2837; x_wconf 83' lang='lat' dir='ltr'><strong>runis,</strong></span> <span class='ocrx_word' id='word_1_144' title='bbox 335 2761 409 2823; x_wconf 90' lang='lat' dir='ltr'><strong>item</strong></span> <span class='ocrx_word' id='word_1_145' title='bbox 429 2760 593 2841; x_wconf 84' lang='lat' dir='ltr'><strong>Pupisticis</strong></span> <span class='ocrx_word' id='word_1_146' title='bbox 621 2761 705 2841; x_wconf 83' lang='lat' dir='ltr'><strong>opud</strong></span> <span class='ocrx_word' id='word_1_147' title='bbox 734 2782 783 2821; x_wconf 88' lang='lat' dir='ltr'><strong>mc</strong></span> <span class='ocrx_word' id='word_1_148' title='bbox 812 2763 973 2822; x_wconf 89' lang='lat' dir='ltr'><strong>stultulum</strong></span> <span class='ocrx_word' id='word_1_149' title='bbox 999 2761 1044 2823; x_wconf 89' lang='lat' dir='ltr'><strong>sic</strong></span> <span class='ocrx_word' id='word_1_150' title='bbox 1064 2761 1236 2826; x_wconf 77' lang='lat' dir='ltr'><strong>differunt.</strong></span> 
     </span>
     <span class='ocr_line' id='line_1_22' title="bbox 206 2861 1237 2942; baseline 0.003 -18"><span class='ocrx_word' id='word_1_151' title='bbox 206 2861 366 2924; x_wconf 81' lang='lat' dir='ltr'><strong>Erasmica</strong></span> <span class='ocrx_word' id='word_1_152' title='bbox 393 2863 509 2923; x_wconf 84' lang='lat' dir='ltr'><strong>docent</strong></span> <span class='ocrx_word' id='word_1_153' title='bbox 536 2861 777 2923; x_wconf 77' lang='lat' dir='ltr'><strong>Pharisaismum</strong></span> <span class='ocrx_word' id='word_1_154' title='bbox 809 2861 956 2942; x_wconf 88' lang='lat' dir='ltr'><strong>quidem,</strong></span> <span class='ocrx_word' id='word_1_155' title='bbox 988 2863 1130 2923; x_wconf 86' lang='lat' dir='ltr'><strong>sednon</strong></span> <span class='ocrx_word' id='word_1_156' title='bbox 1151 2864 1237 2927; x_wconf 89' lang='lat' dir='ltr'><strong>sicut</strong></span> 
     </span>
     <span class='ocr_line' id='line_1_23' title="bbox 205 2961 1235 3044; baseline 0.002 -20"><span class='ocrx_word' id='word_1_157' title='bbox 205 2963 351 3044; x_wconf 79' lang='lat' dir='ltr'><strong>Papistec.</strong></span> <span class='ocrx_word' id='word_1_158' title='bbox 395 2965 533 3024; x_wconf 76' lang='lat' dir='ltr'><strong>Possunt</strong></span> <span class='ocrx_word' id='word_1_159' title='bbox 554 2962 637 3022; x_wconf 87' lang='lat' dir='ltr'><strong>enim</strong></span> <span class='ocrx_word' id='word_1_160' title='bbox 657 2961 804 3023; x_wconf 64' lang='lat' dir='ltr'><strong>lerissri</strong></span> <span class='ocrx_word' id='word_1_161' title='bbox 824 2962 967 3024; x_wconf 78' lang='lat' dir='ltr'><strong>bifariam</strong></span> <span class='ocrx_word' id='word_1_162' title='bbox 988 2964 1056 3024; x_wconf 86' lang='lat' dir='ltr'><strong>lieri</strong></span> <span class='ocrx_word' id='word_1_163' title='bbox 1078 2986 1095 3024; x_wconf 91' lang='lat' dir='ltr'><strong>c</strong></span> <span class='ocrx_word' id='word_1_164' title='bbox 1116 2963 1235 3026; x_wconf 68' lang='lat' dir='ltr'><strong>divinoe</strong></span> 
     </span>
     <span class='ocr_line' id='line_1_24' title="bbox 202 3051 1235 3145; baseline 0.002 -20"><span class='ocrx_word' id='word_1_165' title='bbox 202 3064 307 3143; x_wconf 73' lang='lat' dir='ltr'><strong>legis,</strong></span> <span class='ocrx_word' id='word_1_166' title='bbox 329 3062 393 3124; x_wconf 90' lang='lat' dir='ltr'><strong>imo</strong></span> <span class='ocrx_word' id='word_1_167' title='bbox 413 3064 507 3127; x_wconf 76' lang='lat' dir='ltr'><strong>etiosa</strong></span> <span class='ocrx_word' id='word_1_168' title='bbox 527 3062 694 3145; x_wconf 77' lang='lat' dir='ltr'><strong>Evangelii</strong></span> <span class='ocrx_word' id='word_1_169' title='bbox 710 3063 827 3132; x_wconf 75' lang='lat' dir='ltr'><strong>carnali</strong></span> <span class='ocrx_word' id='word_1_170' title='bbox 847 3065 1053 3140; x_wconf 70' lang='lat' dir='ltr'><strong>tractatione,</strong></span> <span class='ocrx_word' id='word_1_171' title='bbox 1074 3051 1194 3127; x_wconf 84' lang='lat' dir='ltr'><strong>deinde</strong></span> <span class='ocrx_word' id='word_1_172' title='bbox 1215 3088 1235 3127; x_wconf 89' lang='lat' dir='ltr'><strong>e</strong></span> 
     </span>
     <span class='ocr_line' id='line_1_25' title="bbox 203 3149 1273 3247; baseline 0.004 -21"><span class='ocrx_word' id='word_1_173' title='bbox 203 3163 427 3226; x_wconf 73' lang='lat' dir='ltr'><strong>traditionibus</strong></span> <span class='ocrx_word' id='word_1_174' title='bbox 445 3163 608 3238; x_wconf 75' lang='lat' dir='ltr'><strong>burienis3</strong></span> <span class='ocrx_word' id='word_1_175' title='bbox 628 3175 799 3247; x_wconf 86' lang='lat' dir='ltr'><strong>utrumque</strong></span> <span class='ocrx_word' id='word_1_176' title='bbox 820 3164 950 3244; x_wconf 84' lang='lat' dir='ltr'><strong>impium</strong></span> <span class='ocrx_word' id='word_1_177' title='bbox 967 3178 1029 3240; x_wconf 88' lang='lat' dir='ltr'><strong>est,</strong></span> <span class='ocrx_word' id='word_1_178' title='bbox 1051 3167 1108 3227; x_wconf 88' lang='lat' dir='ltr'><strong>sed</strong></span> <span class='ocrx_word' id='word_1_179' title='bbox 1122 3179 1233 3246; x_wconf 78' lang='lat' dir='ltr'><strong>poste·</strong></span> <span class='ocrx_word' id='word_1_180' title='bbox 1265 3149 1273 3161; x_wconf 53' lang='grc'><strong>’</strong></span> 
     </span>
     <span class='ocr_line' id='line_1_26' title="bbox 200 3264 1233 3344; baseline 0.002 -14"><span class='ocrx_word' id='word_1_181' title='bbox 200 3265 272 3330; x_wconf 83' lang='lat' dir='ltr'><strong>rius</strong></span> <span class='ocrx_word' id='word_1_182' title='bbox 292 3264 438 3328; x_wconf 72' lang='lat' dir='ltr'><strong>omnibus</strong></span> <span class='ocrx_word' id='word_1_183' title='bbox 456 3266 559 3328; x_wconf 84' lang='lat' dir='ltr'><strong>modis</strong></span> <span class='ocrx_word' id='word_1_184' title='bbox 579 3264 806 3344; x_wconf 77' lang='lat' dir='ltr'><strong>impiissimum.</strong></span> <span class='ocrx_word' id='word_1_185' title='bbox 845 3267 940 3329; x_wconf 89' lang='lat' dir='ltr'><strong>Prius</strong></span> <span class='ocrx_word' id='word_1_186' title='bbox 962 3269 1057 3329; x_wconf 90' lang='lat' dir='ltr'><strong>docet</strong></span> <span class='ocrx_word' id='word_1_187' title='bbox 1069 3270 1233 3344; x_wconf 82' lang='lat' dir='ltr'><strong>Erasmus,</strong></span> 
     </span>
     <span class='ocr_line' id='line_1_27' title="bbox 205 3366 1234 3449; baseline 0.004 -21"><span class='ocrx_word' id='word_1_188' title='bbox 205 3366 366 3449; x_wconf 74' lang='lat' dir='ltr'><strong>posterim</strong></span> <span class='ocrx_word' id='word_1_189' title='bbox 385 3366 538 3446; x_wconf 65' lang='lat' dir='ltr'><strong>Sophiste</strong></span> <span class='ocrx_word' id='word_1_190' title='bbox 558 3389 616 3430; x_wconf 85' lang='lat' dir='ltr'><strong>seu</strong></span> <span class='ocrx_word' id='word_1_191' title='bbox 635 3368 787 3448; x_wconf 75' lang='lat' dir='ltr'><strong>Papistce3</strong></span> <span class='ocrx_word' id='word_1_192' title='bbox 810 3389 908 3446; x_wconf 85' lang='lat' dir='ltr'><strong>porro</strong></span> <span class='ocrx_word' id='word_1_193' title='bbox 933 3369 1096 3432; x_wconf 87' lang='lat' dir='ltr'><strong>Lutherus</strong></span> <span class='ocrx_word' id='word_1_194' title='bbox 1118 3380 1234 3449; x_wconf 79' lang='lat' dir='ltr'><strong>praeter</strong></span> 
     </span>
     <span class='ocr_line' id='line_1_28' title="bbox 204 3467 1234 3549; baseline -0.001 -16"><span class='ocrx_word' id='word_1_195' title='bbox 204 3468 301 3533; x_wconf 75' lang='lat' dir='ltr'><strong>&#39;etim</strong></span> <span class='ocrx_word' id='word_1_196' title='bbox 326 3488 403 3530; x_wconf 87' lang='lat' dir='ltr'><strong>vere</strong></span> <span class='ocrx_word' id='word_1_197' title='bbox 431 3467 591 3531; x_wconf 84' lang='lat' dir='ltr'><strong>bonorum</strong></span> <span class='ocrx_word' id='word_1_198' title='bbox 619 3490 752 3548; x_wconf 87' lang='lat' dir='ltr'><strong>operum</strong></span> <span class='ocrx_word' id='word_1_199' title='bbox 771 3480 950 3549; x_wconf 87' lang='lat' dir='ltr'><strong>respectum</strong></span> <span class='ocrx_word' id='word_1_200' title='bbox 970 3471 1082 3544; x_wconf 84' lang='lat' dir='ltr'><strong>docet,</strong></span> <span class='ocrx_word' id='word_1_201' title='bbox 1110 3471 1234 3533; x_wconf 76' lang='lat' dir='ltr'><strong>servari</strong></span> 
     </span>
     <span class='ocr_line' id='line_1_29' title="bbox 202 3568 1234 3653; baseline 0.001 -20"><span class='ocrx_word' id='word_1_202' title='bbox 202 3572 361 3634; x_wconf 84' lang='lat' dir='ltr'><strong>bominem</strong></span> <span class='ocrx_word' id='word_1_203' title='bbox 393 3591 434 3631; x_wconf 81' lang='lat' dir='ltr'><strong>ex</strong></span> <span class='ocrx_word' id='word_1_204' title='bbox 463 3571 531 3631; x_wconf 77' lang='lat' dir='ltr'><strong>solu</strong></span> <span class='ocrx_word' id='word_1_205' title='bbox 555 3570 589 3630; x_wconf 82' lang='lat' dir='ltr'><strong>in</strong></span> <span class='ocrx_word' id='word_1_206' title='bbox 608 3568 770 3632; x_wconf 75' lang='lat' dir='ltr'><strong>Christum</strong></span> <span class='ocrx_word' id='word_1_207' title='bbox 796 3569 934 3645; x_wconf 81' lang='lat' dir='ltr'><strong>fiducia,</strong></span> <span class='ocrx_word' id='word_1_208' title='bbox 967 3591 986 3630; x_wconf 89' lang='lat' dir='ltr'><strong>e</strong></span> <span class='ocrx_word' id='word_1_209' title='bbox 1008 3593 1070 3653; x_wconf 86' lang='lat' dir='ltr'><strong>qun</strong></span> <span class='ocrx_word' id='word_1_210' title='bbox 1100 3572 1234 3653; x_wconf 80' lang='lat' dir='ltr'><strong>quiden</strong></span> 
     </span>
     <span class='ocr_line' id='line_1_30' title="bbox 202 3670 1236 3753; baseline -0.001 -17"><span class='ocrx_word' id='word_1_211' title='bbox 202 3674 319 3735; x_wconf 79' lang='lat' dir='ltr'><strong>fiducia</strong></span> <span class='ocrx_word' id='word_1_212' title='bbox 349 3673 466 3753; x_wconf 77' lang='lat' dir='ltr'><strong>optime</strong></span> <span class='ocrx_word' id='word_1_213' title='bbox 491 3670 606 3733; x_wconf 74' lang='lat' dir='ltr'><strong>deinde</strong></span> <span class='ocrx_word' id='word_1_214' title='bbox 635 3692 751 3750; x_wconf 83' lang='lat' dir='ltr'><strong>opero,</strong></span> <span class='ocrx_word' id='word_1_215' title='bbox 784 3693 842 3734; x_wconf 82' lang='lat' dir='ltr'><strong>suo</strong></span> <span class='ocrx_word' id='word_1_216' title='bbox 867 3682 999 3752; x_wconf 88' lang='lat' dir='ltr'><strong>sponte,</strong></span> <span class='ocrx_word' id='word_1_217' title='bbox 1037 3692 1102 3732; x_wconf 93' lang='lat' dir='ltr'><strong>non</strong></span> <span class='ocrx_word' id='word_1_218' title='bbox 1123 3683 1236 3735; x_wconf 79' lang='lat' dir='ltr'><strong>concta</strong></span> 
     </span>
     <span class='ocr_line' id='line_1_31' title="bbox 201 3771 1235 3851; baseline -0.003 -12"><span class='ocrx_word' id='word_1_219' title='bbox 201 3775 376 3847; x_wconf 74' lang='lat' dir='ltr'><strong>servitute,</strong></span> <span class='ocrx_word' id='word_1_220' title='bbox 394 3774 452 3834; x_wconf 89' lang='lat' dir='ltr'><strong>sed</strong></span> <span class='ocrx_word' id='word_1_221' title='bbox 471 3773 573 3835; x_wconf 75' lang='lat' dir='ltr'><strong>libero</strong></span> <span class='ocrx_word' id='word_1_222' title='bbox 592 3772 706 3851; x_wconf 85' lang='lat' dir='ltr'><strong>spiritu</strong></span> <span class='ocrx_word' id='word_1_223' title='bbox 724 3771 932 3851; x_wconf 71' lang='lat' dir='ltr'><strong>provenisset,</strong></span> <span class='ocrx_word' id='word_1_224' title='bbox 954 3773 987 3833; x_wconf 91' lang='lat' dir='ltr'><strong>in</strong></span> <span class='ocrx_word' id='word_1_225' title='bbox 1008 3773 1139 3833; x_wconf 87' lang='lat' dir='ltr'><strong>odorem</strong></span> <span class='ocrx_word' id='word_1_226' title='bbox 1159 3793 1235 3836; x_wconf 78' lang='lat' dir='ltr'><strong>sna·</strong></span> 
     </span>
     <span class='ocr_line' id='line_1_32' title="bbox 204 3871 1234 3956; baseline 0.005 -21"><span class='ocrx_word' id='word_1_227' title='bbox 204 3875 308 3936; x_wconf 80' lang='lat' dir='ltr'><strong>vitntis</strong></span> <span class='ocrx_word' id='word_1_228' title='bbox 336 3873 483 3935; x_wconf 72' lang='lat' dir='ltr'><strong>altissimo</strong></span> <span class='ocrx_word' id='word_1_229' title='bbox 516 3871 672 3948; x_wconf 88' lang='lat' dir='ltr'><strong>Domino,</strong></span> <span class='ocrx_word' id='word_1_230' title='bbox 704 3897 812 3956; x_wconf 85' lang='lat' dir='ltr'><strong>noque</strong></span> <span class='ocrx_word' id='word_1_231' title='bbox 841 3872 923 3936; x_wconf 89' lang='lat' dir='ltr'><strong>enim</strong></span> <span class='ocrx_word' id='word_1_232' title='bbox 950 3873 1054 3936; x_wconf 79' lang='lat' dir='ltr'><strong>otiosa</strong></span> <span class='ocrx_word' id='word_1_233' title='bbox 1073 3877 1152 3938; x_wconf 86' lang='lat' dir='ltr'><strong>lidcs</strong></span> <span class='ocrx_word' id='word_1_234' title='bbox 1173 3889 1234 3953; x_wconf 85' lang='lat' dir='ltr'><strong>est,</strong></span> 
     </span>
     <span class='ocr_line' id='line_1_33' title="bbox 205 3973 1234 4058; baseline 0.005 -22"><span class='ocrx_word' id='word_1_235' title='bbox 205 3985 241 4036; x_wconf 86' lang='lat' dir='ltr'><strong>ut</strong></span> <span class='ocrx_word' id='word_1_236' title='bbox 273 3976 397 4056; x_wconf 83' lang='lat' dir='ltr'><strong>lingunt</strong></span> <span class='ocrx_word' id='word_1_237' title='bbox 425 3973 589 4054; x_wconf 80' lang='lat' dir='ltr'><strong>Sopbistae.</strong></span> <span class='ocrx_word' id='word_1_238' title='bbox 637 3976 803 4036; x_wconf 82' lang='lat' dir='ltr'><strong>Ernsmum</strong></span> <span class='ocrx_word' id='word_1_239' title='bbox 835 3975 941 4058; x_wconf 70' lang='lat' dir='ltr'><strong>itaque</strong></span> <span class='ocrx_word' id='word_1_240' title='bbox 974 3976 1124 4052; x_wconf 83' lang='lat' dir='ltr'><strong>similem,</strong></span> <span class='ocrx_word' id='word_1_241' title='bbox 1166 3979 1234 4041; x_wconf 75' lang='lat' dir='ltr'><strong>into</strong></span> 
     </span>
     <span class='ocr_line' id='line_1_34' title="bbox 206 4075 1234 4160; baseline 0.004 -24"><span class='ocrx_word' id='word_1_242' title='bbox 206 4077 404 4156; x_wconf 78' lang='lat' dir='ltr'><strong>superiorem</strong></span> <span class='ocrx_word' id='word_1_243' title='bbox 422 4075 506 4137; x_wconf 79' lang='lat' dir='ltr'><strong>secio</strong></span> <span class='ocrx_word' id='word_1_244' title='bbox 527 4087 743 4156; x_wconf 79' lang='lat' dir='ltr'><strong>Hieronymo,</strong></span> <span class='ocrx_word' id='word_1_245' title='bbox 776 4077 964 4160; x_wconf 68' lang='lat' dir='ltr'><strong>ceterisque</strong></span> <span class='ocrx_word' id='word_1_246' title='bbox 994 4077 1088 4158; x_wconf 84' lang='lat' dir='ltr'><strong>hujus</strong></span> <span class='ocrx_word' id='word_1_247' title='bbox 1109 4077 1234 4155; x_wconf 71' lang='lat' dir='ltr'><strong>larium,</strong></span> 
     </span>
     <span class='ocr_line' id='line_1_35' title="bbox 207 4176 1236 4262; baseline 0.006 -24"><span class='ocrx_word' id='word_1_248' title='bbox 207 4178 263 4260; x_wconf 89' lang='lat' dir='ltr'><strong>qui</strong></span> <span class='ocrx_word' id='word_1_249' title='bbox 293 4176 553 4256; x_wconf 83' lang='lat' dir='ltr'><strong>philosophorum</strong></span> <span class='ocrx_word' id='word_1_250' title='bbox 583 4177 843 4256; x_wconf 78' lang='lat' dir='ltr'><strong>persuasionibus</strong></span> <span class='ocrx_word' id='word_1_251' title='bbox 872 4178 904 4240; x_wconf 86' lang='lat' dir='ltr'><strong>iu</strong></span> <span class='ocrx_word' id='word_1_252' title='bbox 934 4180 1073 4258; x_wconf 89' lang='lat' dir='ltr'><strong>speciem</strong></span> <span class='ocrx_word' id='word_1_253' title='bbox 1101 4181 1236 4262; x_wconf 81' lang='lat' dir='ltr'><strong>quidem</strong></span> 
     </span>
     <span class='ocr_line' id='line_1_36' title="bbox 207 4277 1236 4362; baseline 0.004 -22"><span class='ocrx_word' id='word_1_254' title='bbox 207 4277 452 4351; x_wconf 87' lang='lat' dir='ltr'><strong>verisimillimis,</strong></span> <span class='ocrx_word' id='word_1_255' title='bbox 486 4279 544 4340; x_wconf 88' lang='lat' dir='ltr'><strong>scd</strong></span> <span class='ocrx_word' id='word_1_256' title='bbox 563 4300 639 4342; x_wconf 82' lang='lat' dir='ltr'><strong>vere</strong></span> <span class='ocrx_word' id='word_1_257' title='bbox 659 4281 789 4362; x_wconf 82' lang='lat' dir='ltr'><strong>perfidis</strong></span> <span class='ocrx_word' id='word_1_258' title='bbox 809 4291 841 4341; x_wconf 88' lang='lat' dir='ltr'><strong>et</strong></span> <span class='ocrx_word' id='word_1_259' title='bbox 869 4280 996 4362; x_wconf 89' lang='lat' dir='ltr'><strong>impiis,</strong></span> <span class='ocrx_word' id='word_1_260' title='bbox 1028 4280 1139 4343; x_wconf 86' lang='lat' dir='ltr'><strong>inlecti</strong></span> <span class='ocrx_word' id='word_1_261' title='bbox 1158 4295 1236 4346; x_wconf 79' lang='lat' dir='ltr'><strong>sunt</strong></span> 
     </span>
     <span class='ocr_line' id='line_1_37' title="bbox 204 4378 1237 4464; baseline 0.009 -24"><span class='ocrx_word' id='word_1_262' title='bbox 204 4378 333 4456; x_wconf 81' lang='lat' dir='ltr'><strong>verius,</strong></span> <span class='ocrx_word' id='word_1_263' title='bbox 354 4399 448 4463; x_wconf 82' lang='lat' dir='ltr'><strong>quam</strong></span> <span class='ocrx_word' id='word_1_264' title='bbox 462 4380 573 4460; x_wconf 77' lang='lat' dir='ltr'><strong>adjuti.</strong></span> <span class='ocrx_word' id='word_1_265' title='bbox 611 4382 655 4451; x_wconf 83' lang='lat' dir='ltr'><strong>Hi</strong></span> <span class='ocrx_word' id='word_1_266' title='bbox 674 4391 854 4464; x_wconf 65' lang='lat' dir='ltr'><strong>praetexunt</strong></span> <span class='ocrx_word' id='word_1_267' title='bbox 872 4382 1096 4464; x_wconf 78' lang='lat' dir='ltr'><strong>Evangelicam</strong></span> <span class='ocrx_word' id='word_1_268' title='bbox 1116 4384 1237 4449; x_wconf 67' lang='lat' dir='ltr'><strong>veriu-</strong></span> 
     </span>
    </p>
   </div>
   <div class='ocr_carea' id='block_1_5' title="bbox 0 0 1314 5108">
    <p class='ocr_par' dir='ltr' id='par_1_6' title="bbox 0 0 1314 5108">
     <span class='ocr_line' id='line_1_38' title="bbox 0 0 1314 5108; baseline 0 1"><span class='ocrx_word' id='word_1_269' title='bbox 0 0 1314 5108; x_wconf 95' lang='lat' dir='ltr'><strong> </strong></span> 
     </span>
    </p>
   </div>
  </div>
 </body>
</html>
