2618 5108
352 767 397 845 In
419 771 625 846 bertherum
648 774 753 847 Bulla
777 777 926 848 Leonis.
1100 779 1143 847 21

110 976 161 1031 est
185 985 370 1048 repugnare
398 965 492 1041 Deo,
532 963 673 1028 visitanti
709 965 892 1051 iniquitates
927 975 1051 1031 nostras
1089 986 1148 1048 per

109 1068 178 1131 iiior
193 1067 238 1142 a).
277 1067 381 1128 Nemo
400 1076 450 1131 est
468 1075 593 1141 certus,
620 1085 655 1128 sc
675 1087 741 1129 non
762 1091 888 1151 semper
906 1089 1040 1150 peccare.
1060 1089 1147 1131 mor·
1190 1050 1194 1061 ¹

111 1168 233 1243 taliter,
253 1179 387 1250 propter
400 1166 648 1230 occultissimum
661 1168 816 1249 superbiae
835 1169 957 1232 vitium.
988 1171 1144 1232 Liberum

105 1268 276 1333 arbitrium
295 1279 370 1349 post
393 1279 560 1349 peccatum
583 1279 632 1331 est
650 1290 702 1332 res
727 1270 858 1332 desolo
878 1270 988 1346 titulo,
1015 1282 1047 1332 et
1066 1271 1142 1332 dum

104 1370 181 1434 iacit
207 1369 300 1454 quod
327 1367 361 1432 in
386 1388 421 1433 se
452 1379 516 1446 est,
548 1379 658 1452 peccat
676 1370 861 1432 mortaliter.
913 1371 1141 1454 purgatorium

104 1492 173 1534 non
190 1480 300 1552 potest
313 1469 444 1553 probari
463 1492 506 1535 ex
518 1490 607 1534 sacra
624 1467 796 1554 herimum,
817 1492 888 1555 que¹
901 1470 941 1535 sit
958 1471 992 1533 in
1005 1489 1141 1535 mneos.

106 1570 231 1636 Animae
251 1571 286 1634 in
304 1569 493 1654 purgatorio
513 1592 582 1649 non
599 1583 674 1634 sunt
693 1592 811 1635 securae
832 1573 873 1634 de
892 1592 1002 1635 earum
1027 1574 1140 1649 salute,

101 1672 212 1737 saltem
239 1668 367 1746 ornnem
393 1691 454 1735 nec
473 1671 641 1753 probatum
661 1684 709 1736 est
727 1673 797 1737 ullis
817 1683 872 1737 aut
890 1673 1066 1736 rationibus
1086 1684 1140 1735 aut

104 1772 288 1856 scripturis,
312 1773 395 1853 ipsas
416 1792 486 1849 ease
505 1784 595 1836 extra
614 1785 727 1837 statum
740 1772 899 1849 merendi,
919 1785 973 1837 aut
986 1773 1138 1856 augendas

101 1873 276 1938 chorium.
312 1873 436 1938 Animas
454 1871 488 1935 in
506 1873 700 1955 Purgatorio
720 1886 860 1955 ,peccant
885 1874 954 1938 sine
981 1874 1138 1937 intermis-

100 1974 212 2052 sione,
253 1972 406 2057 quamdiu
434 1984 581 2060 quaerunt
615 1975 759 2060 requiem
794 1987 825 2038 et
855 1976 987 2037 horrent
1018 1988 1137 2057 peenas.

102 2075 227 2138 Animae
246 2062 307 2136 ex'
321 2075 511 2158 purgatorio
541 2075 678 2139 liberatae
703 2076 857 2159 suffragiis
877 2075 1054 2137 viventium
1079 2077 1137 2140 mi-

104 2198 163 2239 nus
188 2175 328 2238 heautnr
355 2196 451 2259 quam
479 2174 507 2239 si
532 2197 592 2259 per
611 2196 645 2237 sc
665 2176 901 2240 satisfecissent.
937 2175 1061 2239 Praeiati
1082 2197 1135 2238 ec-

101 2272 265 2341 clesiastici
292 2285 324 2339 et
349 2274 509 2359 principes
539 2278 702 2339 saeculares
730 2298 797 2340 non
817 2280 897 2340 maie
926 2275 1085 2353 iacerent,
1108 2278 1134 2341 si

100 2400 212 2443 omnes
238 2397 350 2442 saccos
370 2377 577 2443 mendicitatis
598 2378 742 2443 delerent
757 2378 795 2452 t).
835 2377 900 2460 Qui
929 2378 1059 2462 quidem
1084 2402 1135 2445 er·

168 2617 303 2672 monitus
323 2632 386 2671 nou
405 2615 581 2688 resipiscat,
610 2616 724 2673 habere
750 2624 889 2688 tanquam
922 2616 1076 2673 ethnicum
1104 2628 1133 2673 et

171 2701 387 2773 publicanum,
425 2717 461 2754 ao
491 2701 644 2772 devitare;
674 2718 773 2773 neque
793 2702 865 2756 item
886 2702 1060 2756 conducere
1079 2703 1133 2757 tibi

166 2787 393 2854 existimamus,
410 2796 444 2840 ut
462 2786 506 2841 sic
524 2787 668 2842 atrociter
686 2787 715 2841 in
733 2786 791 2842 hos
810 2787 971 2855 consulas,
989 2804 1027 2840 nc
1047 2804 1132 2842 com.

167 2871 258 2927 busta
278 2872 418 2939 universa
437 2871 486 2926 illa
503 2881 552 2928 tua
573 2873 664 2928 Curia
689 2871 753 2943 (est
771 2871 850 2926 enim
871 2887 911 2926 ex
930 2872 1085 2927 Haereticis
1104 2883 1133 2927 et

168 2956 372 3029 nequioribus
392 2957 490 3012 adhuc
508 2958 623 3028 multo)
653 2966 686 3014 tu
705 2973 827 3030 quoque
845 2957 875 3011 in
894 2957 995 3012 vicino
1015 2957 1069 3012 tibi
1089 2958 1131 3011 in.

166 3042 277 3097 cendio
296 3042 478 3110 conflagres.

133 3134 165 3206 a)
181 3133 282 3191 Vobis
300 3135 424 3206 quidem
443 3134 643 3192 Pontificibus
661 3134 725 3192 hoc
742 3135 870 3208 praeliari
890 3145 997 3190 contra
1011 3135 1132 3191 Turcas

166 3236 250 3292 sape
260 3220 327 3289 jem
344 3236 455 3289 magno
475 3220 530 3276 suit
548 3220 652 3288 lucro,
672 3221 743 3277 dum
762 3220 923 3293 pecuniam
941 3220 1083 3290 exegistis
1101 3221 1130 3276 in

164 3305 330 3362 Germania
351 3315 492 3378 quantam
519 3305 625 3375 libuit,
655 3321 714 3377 qua
742 3298 966 3380 expeditionem
985 3306 1065 3361 hanc
1085 3307 1130 3372 (id

167 3391 252 3463 quod
271 3407 425 3463 nunquam
451 3388 603 3461 cogitastis
623 3389 721 3450 serio)
739 3392 1010 3463 prosequercmini.
1047 3392 1129 3448 Nam

162 3476 187 3529 si
219 3476 315 3531 semel
341 3475 567 3532 debellarentur
592 3473 724 3544 Turcae,
755 3492 845 3548 quem
873 3487 979 3547 postca
1005 3476 1128 3531 hostem

163 3560 279 3629 fingere
297 3561 432 3628 velletis,
450 3573 607 3633 tantopere
627 3562 883 3634 oppugnandum?
904 3561 1007 3635 Quare
1026 3560 1127 3616 mitius

161 3647 228 3702 Leo
248 3647 340 3713 irasci
357 3647 450 3702 debes
469 3646 663 3715 Germaniae,
693 3647 776 3718 quod
793 3646 916 3700 biennio
937 3645 1048 3708 abhinc
1065 3663 1127 3702 non

157 3730 270 3786 audivit
287 3742 368 3787 tuam
385 3733 416 3787 in
438 3734 558 3789 'Furcas
577 3731 832 3792 exhortationem.
877 3731 951 3786 Non
978 3732 1127 3786 enimvi.

163 3817 294 3871 debatur
320 3833 386 3873 esse
413 3818 470 3873 nisi
498 3820 681 3891 impostura,
709 3825 738 3872 ct
758 3832 828 3872 cum
848 3817 940 3885 dolo,
957 3834 1014 3888 per
1034 3834 1129 3872 occa.

160 3903 281 3977 sionem
298 3904 437 3959 avaritiae.

125 3991 251 4066 b)1pse
281 4006 331 4051 tuo
359 3998 470 4052 metuis
496 3997 608 4070 aiioqui
634 4012 705 4052 cum
728 3995 866 4051 Luthero
898 4011 934 4048 ao
962 3992 1125 4051 nobiscum

162 4081 293 4135 sentires
310 4094 338 4141 et
357 4083 434 4154 ipse.
469 4084 580 4154 Neque
598 4099 731 4154 unquam
749 4081 941 4136 dissensums
961 4096 1012 4148 es,
1032 4083 1126 4154 siquis

159 4166 195 4246 ad
224 4166 451 4223 confessionem
479 4168 574 4235 adigat
602 4167 819 4223 conscientiam
851 4178 944 4220 tuam.
1002 4167 1047 4223 Ita
1075 4171 1128 4239 qui

160 4251 328 4305 secundum
347 4268 472 4310 carnem
487 4266 575 4324 sunt,
594 4268 660 4326 quae
679 4251 779 4306 carnis
800 4262 886 4319 suut,
904 4251 1042 4322 sapiunt:
1074 4253 1124 4322 qui

163 4352 238 4388 vero
266 4339 434 4410 sectmdum
454 4341 611 4412 spiritum,
641 4355 708 4409 quae
727 4348 796 4391 sunt
813 4335 955 4407 spiritus,
983 4337 1125 4393 sentiunt.

162 4419 211 4474 'l'c
230 4432 328 4479 autem
344 4425 420 4495 quid
438 4425 526 4494 juvat
549 4427 644 4480 multa
662 4422 866 4495 conquirere,
897 4430 927 4475 ut
953 4420 1123 4477 Lutherum
