2618 5108
150 841 198 913 28
375 836 424 911 In
447 833 653 909 Lutherum
676 830 780 905 Bulla
803 827 955 905 Leonis.

146 1045 419 1112 quarumcunque
448 1025 638 1108 dignitatum
666 1037 720 1089 aut
744 1024 975 1087 beneficiorum
994 1015 1183 1083 ecclesiasti·

145 1150 277 1205 eorum,
298 1127 512 1202 secularium,
533 1137 587 1190 aut
600 1128 788 1209 quorumvis
809 1125 958 1189 ordinum
973 1118 1181 1204 regularium.

147 1227 335 1315 privationis
354 1238 387 1290 et
404 1227 604 1292 inhabilitatis
623 1227 665 1289 ad
683 1227 734 1290 illa
753 1239 785 1291 et
805 1227 864 1289 alia
883 1225 917 1288 in
937 1233 1104 1305 posterum
1123 1218 1183 1281 ob·

147 1330 279 1394 tinentia
292 1329 333 1406 a).
364 1331 439 1409 Quo
459 1349 540 1390 vero
558 1329 599 1391 ad
618 1326 824 1403 Conventus,
852 1325 1017 1409 Copiola,
1044 1343 1103 1385 seu
1122 1322 1184 1385 tlo-

146 1452 236 1507 rnos,
263 1440 317 1495 aut
340 1428 393 1510 pia
420 1430 504 1504 loca,
542 1428 740 1493 secularium
768 1431 818 1492 vel
847 1426 1056 1510 regularium,
1085 1422 1182 1489 ctiam

146 1529 412 1608 mendicantium
446 1551 506 1592 nec
534 1551 601 1592 non
628 1530 841 1594 universitatis
879 1529 974 1593 etiam
1001 1527 1200 1590 studiorum

144 1633 340 1717 generalium
360 1652 628 1715 quorumcunque
655 1630 915 1714 privilegiorum,
945 1630 1141 1694 indultorum
1161 1651 1181 1693 a

144 1734 221 1799 sede
251 1727 425 1814 apostolica
454 1734 505 1795 vel
531 1731 602 1811 ejus
623 1732 773 1815 Legstis,
803 1745 857 1796 aut
877 1731 943 1796 aliis
963 1729 1180 1816 quorumlibet

143 1833 325 1901 habitorum
334 1835 384 1894 vel
395 1833 617 1905 obtentorum,
630 1831 980 1917 cujuscunquetenoris
992 1831 1128 1894 existant
1137 1834 1179 1902 b).
1210 1898 1215 1910 ,

145 1936 215 2001 Nec
241 1956 307 1997 non
334 1933 471 1997 nominis
491 1944 523 1995 et
551 1933 675 2015 pietatis
707 1934 847 1998 studium
866 1933 1015 2017 gencrale
1036 1930 1177 2010 tenendi,

144 2035 295 2119 legendi,
327 2055 365 2098 ac
384 2035 613 2116 interpretandi
631 2035 759 2118 quasvis
779 2033 925 2099 scientias
943 2046 976 2097 et
998 2035 1177 2111 facultates,

144 2147 177 2200 at
207 2135 409 2200 inhabilitatis
445 2137 484 2198 ad
511 2136 561 2199 illa
591 2148 623 2199 et
649 2136 708 2199 alia
741 2136 774 2198 in
801 2147 963 2218 posterum
992 2135 1177 2199 obtinenda.

145 2237 390 2304 praedicationis
411 2258 543 2320 qnoque
567 2237 662 2300 officii
680 2257 718 2301 ac
737 2236 913 2300 amissionis
933 2236 1029 2300 studii
1042 2258 1178 2319 genera·

141 2338 181 2404 lia
212 2347 245 2400 et
274 2340 416 2402 omnium
447 2335 688 2420 privilegiorum
720 2336 875 2419 ejusdem.
928 2339 1003 2419 Quo
1028 2359 1108 2401 vero
1135 2338 1178 2402 ad

142 2441 306 2504 saeculares
324 2438 352 2512 c)
372 2435 516 2518 ejusdam
534 2437 890 2514 excommunicationis,
918 2459 1065 2503 necnon
1084 2440 1177 2506 aruis·

137 2538 239 2604 aionis
276 2536 499 2623 cujuscunque
534 2538 756 2620 emphiteosin,
804 2562 863 2603 seu
906 2561 1176 2626 quorumeunque

138 2638 329 2715 surdorum,
348 2650 411 2702 tarn
430 2661 449 2702 a
469 2640 614 2704 Romana
632 2641 781 2715 ecclesia,
801 2663 897 2725 quarn
914 2641 989 2704 alias
1008 2641 1175 2726 quomodo
1229 2688 1235 2701 .

137 2738 220 2806 libat
239 2738 443 2804 obtentorum
462 2741 512 2817 a),
533 2763 570 2804 ac
595 2741 688 2804 etiam
707 2740 907 2805 inhabilitatis
929 2741 970 2805 ati
993 2741 1044 2806 illa
1063 2753 1096 2804 et
1115 2742 1175 2807 alia

138 2851 307 2924 posterum
327 2840 511 2916 obtinenda,
559 2843 714 2905 Necnon
732 2863 800 2925 quo
821 2841 862 2906 ad
882 2863 992 2907 ornnes
1012 2852 1045 2904 et
1063 2843 1175 2926 singu·

138 2943 188 3006 lor
210 2942 361 3023 superius
392 2942 570 3005 nominatos
601 2941 795 3007 inhibitionis
823 2943 1039 3006 ecclesiasticae
1067 2946 1174 3029 aepul-

172 3179 202 3244 a)
220 3176 331 3234 Omnia
351 3180 449 3236 deleta
466 3183 599 3251 mavult,
619 3198 684 3255 quaa
703 3182 813 3254 rapina
831 3197 892 3236 aura
913 3183 1123 3239 intercessunt.

170 3289 200 3356 b)
218 3288 267 3343 Sic
286 3289 402 3360 facitis,
421 3290 606 3360 Pontifices,
636 3291 681 3345 alii
701 3291 830 3346 aliorum
849 3299 914 3348 acta
936 3292 1121 3360 rescinditis,
1143 3301 1173 3348 et

205 3382 305 3429 tamen
323 3373 414 3431 bullis
432 3378 541 3433 vestris
552 3376 659 3447 singuli
672 3375 884 3448 praescribitis:
912 3416 929 3447 „
940 3379 975 3432 ad
994 3388 1171 3450 perpetuam

139 3521 143 3529 ⁸
205 3460 250 3516 rei
288 3460 511 3530 memoriam‚“
545 3471 575 3517 et
600 3479 707 3518 ornnes
746 3474 892 3519 aeternum
920 3464 1065 3532 valitura,
1104 3481 1171 3535 quar
1216 3502 1222 3517 .

208 3547 357 3615 statuitis,
388 3563 566 3619 persuasum
585 3549 675 3605 nobis
693 3550 792 3608 vultis.
830 3547 907 3624 Quia
927 3548 1016 3620 igitur
1033 3549 1171 3605 adhaere,

144 3631 147 3636 ’
202 3630 250 3686 bit
269 3650 351 3688 nunc
369 3631 441 3700 tibi,
470 3633 594 3688 sumsit
613 3643 754 3702 certum,
780 3650 820 3690 ex
844 3634 974 3706 posteris
993 3635 1166 3708 quempiam

204 3715 267 3771 hoc
280 3714 430 3788 judicium
448 3727 531 3772 tuum
551 3718 746 3775 soluturum?

175 3818 205 3893 e)
225 3823 323 3880 Parce
350 3825 478 3881 brachio
509 3828 662 3898 seculari,
690 3829 778 3899 Leo,
803 3837 837 3885 ut
866 3827 924 3897 ait,
950 3830 1034 3900 quod
1061 3829 1168 3887 ultima

206 3920 313 3965 contra
331 3929 389 3967 nos
407 3911 564 3984 implores.

176 4017 208 4088 a)
226 4020 334 4076 Audite
361 4021 598 4091 imperatorem!
625 4021 785 4096 Ecquis'a
812 4021 928 4078 Leonis
955 4023 1044 4093 igitur
1071 4038 1167 4092 regno

203 4104 282 4159 liber
301 4117 345 4161 eat
368 4116 419 4161 aut
443 4123 534 4177 quern
554 4126 616 4163 non
635 4109 791 4164 continere
817 4125 850 4163 sc
867 4105 1019 4179 unguibus
1036 4109 1098 4162 suia
1117 4109 1167 4164 ille

204 4193 312 4262 putat?
333 4191 378 4245 Ad
397 4202 425 4245 te
447 4195 618 4263 convenio,
641 4203 745 4265 pastor
762 4194 849 4250 Leo!
870 4194 951 4269 Quid
969 4193 1168 4251 sacularibus

204 4274 344 4346 implicas
371 4286 399 4329 te
430 4278 581 4347 negotiis,
611 4279 662 4351 qui
691 4280 813 4335 Christo
837 4281 999 4339 militaria?
1031 4281 1085 4336 Eat
1103 4282 1167 4337 boc

203 4360 302 4414 vicem
331 4360 443 4415 Christi
472 4378 597 4431 gerere,
627 4364 746 4418 trahere
774 4365 810 4418 nd
836 4382 888 4433 se,
917 4368 1001 4438 quod
1025 4367 1167 4423 Christus

204 4463 267 4500 non
288 4445 446 4513 agnoscit?
