2618 5108
170 294 174 304 .

425 739 631 860 Brocdones
679 772 868 876 Dialogus.
1088 785 1159 855 201

140 967 225 1030 vivia
240 964 409 1028 ldreraliter
429 964 488 1028 illis
509 965 671 1041 exhibent.
721 966 784 1030 Ubi
810 965 953 1029 homines
978 961 1161 1044 stultissimi,

141 1080 178 1135 ttt
195 1067 362 1130 'convivari
375 1066 437 1144 sic,
457 1066 617 1131 interdum
634 1067 694 1128 sibi
714 1066 818 1143 liceat,
837 1069 933 1130 multa
946 1067 988 1130 de
1006 1089 1067 1132 suo
1085 1089 1163 1132 con·

140 1169 278 1246 cedunt,
296 1170 408 1246 multa,
429 1167 519 1261 obliti
537 1167 727 1250 posteritatis
746 1190 831 1245 suaa,
851 1169 1013 1231 deserunt.

537 1324 762 1388 Mercator.

214 1423 318 1510 Igitur
336 1423 525 1509 resipiscite!
568 1421 576 1439 '

519 1563 777 1630 Franciscus.

215 1664 335 1730 Statim.

539 1805 757 1870 Mercator.
810 1853 814 1858 -

212 1904 258 1970 At
275 1904 309 1968 in
326 1905 471 1970 medium
490 1907 666 1971 consulite!

529 2046 784 2110 Franciscus.

214 2143 404 2209 Consultum
423 2142 486 2226 jam
506 2157 603 2220 esset,
625 2145 686 2210 nisi
706 2145 847 2208 obstaret
866 2144 947 2206 ordo
963 2142 1158 2226 Principum,

136 2267 180 2310 ex
205 2266 272 2330 quo
292 2256 387 2322 sunt,
409 2244 464 2328 qui
495 2245 704 2328 Episcopatus
728 2244 869 2309 ambiunt
885 2256 916 2308 et
940 2244 1017 2328 ipsi,
1041 2264 1076 2308 ac
1099 2245 1159 2311 soli

136 2342 200 2429 jam
229 2366 319 2427 paene
356 2345 490 2408 detrusis
524 2347 617 2410 nobis
642 2357 752 2409 contra
783 2350 870 2428 leges
904 2341 1067 2427 occupant.
1105 2347 1158 2425 Hi,

137 2445 194 2509 ubi
229 2467 289 2509 vos
317 2445 454 2510 viderint
485 2445 673 2529 pertinacius
705 2468 773 2510 rem
804 2448 882 2508 itanc
914 2459 1059 2528 agentes,
1096 2467 1159 2531 qua

138 2555 230 2630 putas
249 2547 283 2608 vi
301 2547 545 2630 aggredientur,
579 2547 698 2611 vocatis
725 2549 757 2610 in
787 2536 937 2610 auxitiuin
971 2547 1158 2632 propinquis

138 2634 225 2723 suis,
246 2645 303 2729 qui
323 2647 409 2710 serre
430 2669 495 2709 non
518 2657 667 2728 possunt,
699 2647 826 2728 spoliari
849 2650 924 2721 hos,
944 2668 984 2709 ne
1004 2647 1044 2708 ad
1063 2646 1159 2728 patri·

138 2746 243 2810 monia
262 2746 308 2809 eis
331 2768 404 2823 sua,
425 2768 556 2810 necesse
577 2748 616 2811 sit
631 2748 768 2812 reditum
785 2746 865 2811 fieri.
902 2749 1042 2826 Egentes
1064 2745 1158 2823 enim,
1256 2790 1259 2794 -

139 2856 173 2910 ut
192 2847 361 2928 plurimum
379 2858 470 2926 sunt,
501 2860 596 2936 atque
627 2849 725 2933 igitur
751 2846 930 2915 necessario
958 2847 999 2911 dc
1019 2845 1157 2910 ccelesiis

140 2947 263 3018 vivunt.

537 3090 576 3153 Μ
583 3098 754 3153 errator.

217 3186 362 3251 Tandem
383 3187 499 3267 video,
519 3189 598 3274 quid
618 3200 760 3253 moretur
779 3186 903 3252 facinus
925 3190 1106 3273 pulchrum,
1125 3198 1159 3250 et

138 3309 364 3354 uoeessartum.

531 3412 783 3477 Franclscus.

212 3513 289 3578 Hoc
314 3535 413 3578 unum
435 3525 588 3578 moratur.

541 3671 755 3735 Mercator.

215 3769 339 3833 Verum
356 3769 519 3852 Principes
540 3782 612 3835 sunt
624 3770 820 3850 hujusmodi,
841 3781 893 3832 aut
907 3767 985 3834 boni
997 3768 1057 3832 viri
1072 3779 1155 3848 sunt,

141 3869 196 3954 qui
219 3893 289 3934 rem
321 3894 408 3935 suam
433 3872 626 3955 aliquantum
654 3884 770 3950 actam,
802 3894 897 3956 quom
925 3873 1081 3953 publicam
1114 3892 1156 3934 ex

139 3982 209 4035 toto
231 3974 405 4036 restitutam
426 3975 486 4037 sibi
505 3977 633 4037 malunt.

522 4117 776 4179 Franciscus.

216 4217 461 4299 Qualescunque
487 4229 575 4292 stud,
612 4219 756 4279 sednon
781 4214 969 4277 obtinebunt
999 4213 1156 4296 perpetuo

138 4316 210 4379 troc.
260 4317 442 4400 Aliquando
475 4317 560 4387 enim
583 4318 760 4382 consulitur
789 4315 935 4399 publico,
970 4318 1023 4379 vel
1051 4314 1156 4378 invitis

137 4436 225 4499 tpsts·
