2588 5048
40 838 52 861 .
128 795 201 866 322
308 785 365 864 td
389 787 477 865 Phil.
503 789 551 908 de
576 790 827 890 Fiirstenberg
849 746 965 887 Epist.

130 982 227 1056 nicis,
255 993 406 1064 oportere
424 1003 484 1045 vos
503 979 629 1056 videre,
664 1002 706 1044 ne
736 981 815 1065 quid
841 979 1020 1045 detrimenti
1050 977 1158 1063 capiat

130 1084 308 1165 respublica
339 1095 465 1158 vestra,
495 1082 548 1144 illo
575 1083 748 1162 pracsertim
785 1103 852 1144 nou
882 1083 1069 1165 quiescente
1096 1081 1158 1146 sed

129 1185 223 1247 novis
242 1184 357 1266 sparsis
378 1183 482 1245 omnia
512 1181 741 1257 acclamitante;
771 1181 828 1244 ubi
855 1184 917 1245 hoc
936 1181 1099 1259 effecerit,
1119 1194 1157 1246 ut

129 1286 254 1348 nobiles
286 1283 350 1365 jam
379 1284 500 1367 aliquot
518 1283 634 1345 bellurn
652 1283 811 1346 minentur
838 1283 947 1358 vobis,
979 1282 1006 1346 si
1032 1284 1156 1347 diutius

131 1387 214 1449 intra
233 1407 341 1450 muros
368 1397 514 1460 vestros,
547 1383 720 1464 perniciem
738 1385 818 1446 hanc
836 1382 939 1456 alatis3
959 1404 1077 1465 rogare
1097 1403 1155 1446 eos

131 1498 167 1549 ut
197 1508 256 1549 vos
286 1485 470 1566 respiciant,
500 1506 564 1547 neu
592 1484 686 1546 unius
716 1483 850 1546 hominis
888 1483 1012 1559 studio,
1055 1495 1156 1548 totam

132 1587 275 1670 periculo
296 1588 453 1651 civitatem
473 1598 644 1664 exponant.
683 1584 914 1661 Huiuscemodi
937 1584 1034 1646 literis
1056 1605 1156 1647 excu-

132 1689 239 1750 sabitis
269 1699 301 1748 et
331 1686 447 1749 Caesari
475 1707 554 1762 vos,
588 1707 624 1748 ac
647 1684 707 1766 ipsi
736 1697 846 1767 postea
875 1685 1066 1768 quicscetis,
1094 1709 1155 1751 noa

133 1787 329 1861 videbimus,
363 1796 428 1869 quo
459 1808 493 1849 se
519 1799 685 1866 receptura
702 1787 742 1849 sit
761 1787 826 1849 avis
846 1784 915 1862 illa,
942 1788 1003 1849 hoc
1021 1787 1156 1868 depulsa

132 1889 222 1952 nido.
260 1887 437 1967 Diligenter
460 1908 588 1966 operam
608 1888 657 1949 da.
695 1888 811 1950 Parant
829 1887 971 1949 scelerati
993 1885 1156 1951 Curtisani

132 1988 268 2073 pecunia
287 2009 392 2052 emere
411 2009 521 2050 necem
540 2009 654 2064 meam,
685 2009 822 2071 quorum
841 2010 924 2050 unus
944 1987 1075 2072 quidam
1096 2000 1156 2067 est,

134 2091 191 2174 qui
209 2091 292 2152 mille
311 2109 425 2151 aureos
445 2089 485 2150 de
504 2109 564 2152 suo
583 2087 736 2170 promittit
755 2087 802 2163 ei,
834 2089 891 2171 qui
909 2110 960 2152 me
989 2101 1157 2176 utcunque

136 2189 307 2263 occiderit,
328 2209 435 2271 neque
454 2198 558 2250 tamen
576 2189 727 2263 efficient,
747 2200 783 2250 ut
801 2191 852 2251 vel
870 2209 981 2266 parum
999 2192 1158 2257 remittam

135 2290 176 2352 de
207 2287 361 2349 instituto.
421 2287 539 2369 Scripsi
577 2288 714 2351 ecclesia
747 2289 947 2374 Moguntinae
990 2293 1159 2371 epistolam

135 2384 338 2469 jurgatricem
364 2397 396 2447 et
418 2397 522 2450 tamen
541 2388 684 2465 amicam,
715 2401 809 2473 atque
829 2391 918 2453 aliter
939 2391 1158 2460 carthusianis

136 2486 260 2563 scribo,
293 2486 349 2569 qui
368 2498 445 2568 puto
465 2510 572 2570 poenas
593 2489 711 2554 dabunt
729 2491 823 2568 mihi,
853 2492 914 2556 nisi
933 2495 1018 2556 forte
1037 2518 1158 2577 negare

135 2588 253 2652 iactum
270 2588 418 2671 poterint.
456 2590 609 2668 Exempla
626 2591 827 2672 epistolarum
847 2595 886 2656 ad
898 2595 1059 2659 Othonem
1072 2599 1159 2663 dedi.

137 2691 218 2752 Vale
239 2701 270 2753 et
291 2701 394 2772 partes
410 2711 502 2768 auge.
539 2694 591 2754 Ex
602 2693 837 2777 Wartenburgo
850 2693 893 2759 ll.
908 2695 1040 2761 Calend.
1055 2701 1159 2784 April.

136 2791 233 2856 Anno
252 2791 302 2854 M.
312 2791 352 2855 D.
365 2789 475 2853 XXII.
