2618 5108
380 774 428 849 de
454 771 613 873 Spongia
637 773 790 849 Erasini.
1030 775 1104 853 663

92 969 246 1035 obscurus
269 967 410 1043 mundo,
443 965 555 1049 spiritu
586 967 821 1050 potentissimus
845 969 1006 1034 Lutherus
1025 990 1104 1052 prss·

86 1072 179 1135 dicat.
225 1073 297 1133 Hoc
317 1089 416 1131 unum
434 1070 548 1132 scimus
569 1081 675 1145 certo,
709 1090 815 1153 neque
840 1091 899 1152 per
925 1073 1127 1147 Brennum,-

85 1193 191 1253 neque
220 1191 277 1253 per
298 1173 421 1252 Regem
440 1165 578 1253 Anglire,
610 1169 809 1251 quantumvis
833 1169 983 1234 robustos
1002 1170 1103 1250 viros,

87 1284 242 1334 ostensam
272 1292 341 1333 esse
370 1271 442 1332 vitas
462 1271 560 1344 viam,
589 1272 640 1332 vel
670 1273 777 1333 saltem
808 1273 936 1334 modum
965 1272 1103 1353 positum

86 1372 192 1454 porcis
221 1369 452 1434 Romanistieis.
503 1370 567 1453 Qui
592 1371 675 1433 enim
705 1371 774 1435 fieri
800 1382 923 1453 posset,
956 1384 992 1435 ut
1020 1383 1103 1434 osset

86 1493 255 1555 persuasus
291 1471 394 1546 orbis,
432 1472 612 1533 Romanum
647 1472 852 1549 Pontificem,
894 1483 1102 1557 caeterumque

86 1576 180 1635 chaos
203 1583 235 1633 et
254 1571 461 1633 abominabile
481 1593 613 1650 regnum
630 1592 699 1634 esse
712 1573 954 1650 Antichristum,
973 1576 1013 1637 de
1035 1595 1101 1658 quo

85 1674 268 1754 Prophetae,
302 1672 445 1735 Christus
477 1672 547 1753 ipse
572 1694 634 1734 una
665 1695 737 1736 eum
765 1676 927 1754 Apostolis
951 1687 1014 1737 tam
1033 1673 1103 1738 dira

85 1774 273 1858 praedicant,
304 1772 365 1836 nisi
390 1774 452 1835 hoc
475 1760 635 1835 Lutherus
655 1774 894 1839 evidentissimis
926 1775 1101 1839 rationibus

85 1873 275 1937 indicasset?
302 1875 451 1936 Erasmus
480 1894 559 1936 vero
579 1875 763 1955 praepedivit
779 1879 941 1953 mortales,
974 1897 1107 1940 nasus-¹

85 1975 281 2055 picarentur,
303 1996 396 2049 esse,
413 1994 483 2035 cum
502 1974 651 2035 viderunt
671 1974 862 2040 omniafere
883 1977 966 2039 illius
985 1977 1103 2057 scripta

85 2077 125 2137 ad
145 2075 221 2137 istos
241 2071 335 2155 dirigi
355 2073 564 2137 sanctissimos
580 2087 612 2136 et
630 2075 929 2148 reverendissimos3
949 2098 1021 2140 cum
1039 2078 1103 2141 sint

83 2176 160 2239 nihil
179 2174 295 2239 minus,
329 2175 401 2257 Age
420 2176 564 2252 tandem,
590 2176 617 2238 si
636 2178 799 2242 Romanus
814 2176 984 2253 Pontifex,
1003 2177 1105 2242 illius·¹

86 2298 150 2361 qne
169 2273 347 2339 sodalitium
366 2295 432 2337 non
452 2288 526 2338 sunt
543 2277 769 2355 Antichristus,
789 2279 922 2342 reddant
940 2278 1098 2344 matrimo-

84 2380 171 2442 ninnr
218 2377 371 2452 liberum,
417 2377 551 2439 reddant
594 2376 796 2441 Eucharistiae
834 2378 1107 2458 communionem,

85 2489 208 2542 cessent
242 2479 413 2542 Missarum
454 2477 653 2541 venditiones
691 2478 950 2564 eruptionesque,
980 2493 1102 2564 ponant

85 2600 156 2643 suas
176 2581 284 2643 stultas
297 2589 330 2640 et
343 2578 451 2659 impias
468 2577 778 2657 constitutiunenlas,
799 2580 956 2665 abrogent
974 2563 1109 2646 cauus

83 2679 332 2759 negotiationes!
353 2681 433 2765 ¹Hoc
452 2678 478 2740 si
499 2682 608 2752 fieret,
635 2681 719 2742 unde
739 2701 774 2744 se
792 2692 841 2742 tot
862 2681 1002 2744 animalia
1021 2704 1101 2746 ven·

83 2781 140 2842 tris
168 2780 399 2844 sustentarent?
425 2782 486 2843 hoo
515 2778 699 2857 jamdudum
730 2781 870 2845 suboluit
896 2781 1099 2861 Romanistis,

85 2882 140 2966 qni
162 2902 247 2944 nune
267 2882 461 2945 sanctissimo
480 2892 632 2963 praetextu
658 2880 861 2946 blandiuntur
890 2885 1039 2960 Erasmo,
1068 2894 1103 2946 et

36 2983 39 2987 ’
84 3005 152 3047 non
171 2984 258 3046 videt
276 2985 371 3046 miser
391 2985 558 3058 Erasmus,
584 2981 644 3045 sub
663 2983 724 3045 boo
743 2985 833 3047 melle
851 2985 948 3047 latere
966 3005 1101 3050 venena.
1214 2986 1216 2991 ’

85 3087 139 3147 Tu
157 3086 246 3159 vale,
267 3081 463 3165 precareque
482 3103 605 3145 mecum
616 3083 722 3145 Deum
736 3083 897 3164 Optimum
910 3086 1098 3165 Maximum,

82 3185 115 3246 in
136 3185 263 3246 nomine
280 3182 354 3244 Filii
374 3182 535 3259 ejusdem,
558 3193 593 3242 ut
611 3184 744 3246 Erasmo
763 3183 973 3249 detinentem
987 3189 1099 3251 melio-

82 3304 169 3361 rem,
189 3283 366 3366 liberetque
387 3283 427 3345 ab
445 3281 548 3363 impiis
566 3283 763 3365 Papistarum
782 3283 1004 3353 instinctibus!
