2618 5108
80 71 552 272 Δ.,..-.ι....--·σο-·-ιι--·--.
595 244 612 256 ⁹

286 750 461 824 adversus
488 745 727 845 adspergines
750 736 913 825 ttuueni.
1044 736 1119 822 sitsi

103 954 170 1007 mm
204 953 272 1006 emt
301 942 455 1005 obscuros
492 930 623 1022 Capito,
655 940 713 1004 sed
747 930 1025 1006 tombnnonsntis
1055 939 1121 1003 sab

104 1043 218 1106 nobilis
249 1055 316 1106 erat
344 1035 427 1123 apud
455 1041 608 1103 eruditos.
670 1040 764 1102 Etsi
794 1040 907 1106 luisset
941 1040 1121 1117 obscurior,

104 1155 192 1206 tanto
216 1144 316 1226 magis
343 1154 410 1204 erat
435 1143 567 1205 candida
587 1140 815 1222 vpraedicatione
834 1143 868 1206 in
893 1145 995 1208 lucem
1012 1139 1122 1224 prois-

103 1245 233 1307 reudua
284 1245 332 1306 lts
361 1253 429 1306 tum
455 1241 542 1305 sensi
568 1244 611 1306 de
639 1240 811 1325 Capitone,
839 1260 901 1307 nec
926 1244 995 1307 sine
1028 1254 1122 1305 causa

106 1344 202 1406 sensi.
250 1344 337 1423 Quid
363 1345 390 1405 si
419 1336 539 1424 judicio
569 1362 639 1405 meo
667 1341 868 1407 subscribunt
898 1344 992 1406 etiam
1023 1352 1120 1420 nunc',

107 1445 164 1527 qui
191 1446 301 1505 callent
328 1465 380 1506 eas
406 1443 534 1506 literas?
568 1443 674 1506 Habea
698 1445 800 1507 lector
829 1444 1039 1525 impudentem
1075 1440 1124 1507 as'-

108 1546 332 1624 ssinrptioncm‚
353 1564 436 1606 nunc
454 1543 539 1619 vide,
560 1564 638 1627 quas
657 1560 765 1609 causas
785 1545 911 1625 affingat
926 1547 1001 1608 tanti
1019 1542 1125 1607 crisci·-

105 1645 165 1706 nis.
211 1647 334 1708 Urebat
361 1645 461 1728 gloria
486 1643 680 1725 Capnionis,
716 1645 805 1728 quod
834 1647 978 1709 nonnulli
1002 1650 1125 1708 mecum

97 1746 149 1808 illi
167 1748 272 1807 locum
292 1746 425 1821 dabant,
454 1755 489 1806 ut
514 1744 632 1825 pariter
658 1744 779 1827 linguas
807 1746 1014 1826 provehentis
1042 1762 1125 1808 non·-

106 1847 183 1907 nulli
214 1851 345 1908 alterum
365 1845 538 1908 Germaniae
568 1846 694 1907 oculum
720 1846 909 1909 vocitabant.
945 1848 1036 1930 Ego,
1063 1843 1124 1930 qut

105 1957 194 2008 tanto
215 1946 322 2008 studio
353 1966 478 2027 semper
505 1946 570 2008 iovi
597 1945 712 2027 tinguis
733 1966 769 2006 ac
787 1947 880 2009 bonis
900 1946 1017 2023 literis,
1037 1946 1125 2009 ietra

108 2067 174 2109 non
196 2055 338 2125 poteram
370 2045 527 2108 hominem
554 2045 639 2107 idem
665 2055 827 2127 agentem,
861 2048 949 2130 quod
982 2047 1124 2127 agebant,

102 2146 279 2227 prasertim
299 2145 455 2208 amicum?
486 2146 591 2208 Porro
617 2146 706 2228 qamt
729 2145 838 2208 scribit
864 2148 905 2209 de
924 2150 1023 2211 altero
1044 2148 1126 2210 Gor·

110 2246 219 2310 mania
254 2249 364 2321 oculo,
401 2266 468 2308 non
498 2245 589 2329 potui
620 2245 724 2308 fateor
759 2247 880 2330 absque
911 2243 978 2310 riso
1006 2250 1126 2328 legere.

108 2348 155 2409 lta
175 2369 215 2409 ne
234 2347 309 2409 mihi
328 2346 433 2408 studio
452 2346 528 2422 suit,
559 2349 689 2409 excluso
711 2346 896 2429 Capnione,
928 2348 1127 2412 Germaniam

107 2449 225 2511 luscam
246 2445 404 2510 reddere?
433 2447 513 2527 Quis
532 2446 631 2507 nescit
651 2468 701 2510 me
722 2447 889 2530 Capnioue
908 2438 1126 2512 candidissime
1216 2518 1219 2525 ,

110 2544 199 2611 simul
221 2560 252 2609 ct
271 2547 519 2610 constantissime
537 2547 680 2608 favisse?
699 2550 772 2629 Ego
791 2548 972 2611 testimonio
987 2549 1128 2613 omnium

108 2651 297 2731 quibuscum
315 2648 509 2711 familiariter
527 2648 609 2724 vini,
631 2668 697 2709 non
715 2647 895 2724 dubitarim,
915 2668 1020 2711 morea
1039 2668 1128 2712 meos

110 2750 156 2813 sic
189 2770 207 2810 a
231 2749 341 2811 livoris
369 2750 496 2815 morbo,
514 2766 673 2823 asserere,
701 2758 736 2810 ut
766 2766 784 2809 a
810 2749 897 2811 nullo
922 2747 1002 2810 vitio
1029 2746 1129 2831 magis
1180 2749 1182 2754 ’

111 2850 218 2912 absim.
258 2850 345 2912 Audi
371 2869 456 2911 nunc
475 2850 600 2911 alteram
620 2839 805 2911 affictionem
832 2868 923 2931 saque
942 2849 1128 2911 effrontem!

102 2952 190 3014 ·ldeo
211 2961 329 3010 tantum
350 2949 457 3011 tribuo
477 2947 642 3030 Capitoni,
671 2949 760 3032 quod
784 2948 919 3011 laudarit
937 2968 1042 3011 meum
1062 2948 1130 3011 No-

110 3072 186 3113 vum
206 3053 461 3124 'testamentum
496 3046 762 3133 quemadmodum
779 3048 856 3112 fecit
885 3059 917 3112 et
936 3051 1050 3112 Beros.
1087 3046 1131 3113 Ut

103 3148 324 3212 *diversissima
342 3144 517 3224 connectit,
546 3146 611 3210 imo
636 3150 711 3212 ideo
730 3151 794 3212 cito
815 3152 891 3213 Beri
915 3162 947 3214 et
967 3150 1131 3233 Capitonis

113 3251 354 3330 Theologorum
378 3249 418 3311 de
437 3250 532 3311 Novo
553 3251 757 3314 't'enanemo
776 3249 948 3331 judicium,
967 3262 1004 3314 ut
1024 3255 1133 3316 Theo·

111 3351 260 3430 logorum
286 3351 438 3413 clamores
469 3352 690 3426 retunderem,
723 3351 780 3434 qui
798 3351 874 3414 nihil
898 3354 1049 3415 volebant
1067 3352 1133 3432 legi

112 3448 173 3512 nisi
202 3449 240 3511 ab
267 3449 343 3530 ipsis
364 3450 541 3530 probatum.
592 3450 626 3512 Si
643 3450 707 3533 legi
726 3450 838 3526 debet,
869 3453 959 3532 quod
978 3453 1131 3535 suffragio

113 3551 354 3632 Theologorum
373 3551 540 3633 probatum
558 3560 623 3625 est,
647 3552 709 3613 hoc
729 3570 810 3630 opus
829 3562 896 3613 atat
916 3566 934 3612 a
955 3552 1132 3631 Theologin

110 3672 177 3715 non
197 3651 381 3734 vulgaribus
401 3651 584 3734 probatum,
616 3651 704 3733 quod
718 3649 950 3714 ’Louanienses
972 3652 1134 3736 'l'heologi

110 3752 307 3815 damnabant.
316 3750 508 3834 ltaqueuihil
519 3748 732 3832 impudentius
746 3762 812 3814 erat
824 3750 1132 3832 autlntempestivius

109 3851 167 3928 iis,
189 3873 258 3935 quse
279 3850 430 3913 declamat
447 3852 488 3913 sle
508 3851 613 3911 alienas
633 3850 740 3931 gloriae
762 3851 1002 3913 obtrectatione.
1039 3854 1134 3918 Nunc

110 3972 191 4015 vero
214 3951 406 4013 veniendum
434 3951 474 4012 ad
505 3950 582 4012 illusi
609 3949 728 4011 crimen
754 3952 947 4015 horrendum
974 3963 1006 4015 et
1024 3966 1133 4018 atrox:

111 4053 204 4132 cujus
217 4053 377 4112 Huttenus
399 4060 493 4128 negat
512 4068 546 4112 se
563 4069 703 4132 unquam
721 4049 797 4113 mihi
816 4052 946 4130 gratiam
962 4053 1132 4129 iacturum,

113 4173 185 4216 cum
204 4151 243 4214 sit
263 4150 382 4233 alioqui
402 4148 672 4214 clementissimus.
720 4151 793 4231 lpss
812 4154 922 4215 horret
940 4154 1057 4217 (licere.
1094 4156 1133 4218 ln

112 4255 248 4336 epistola
277 4252 410 4336 quadam
439 4252 479 4315 ad
510 4246 706 4332 Episcopum
725 4250 912 4316 Roliensem
934 4251 1134 4334 Capniouem

112 4354 259 4418 insimulo
272 4354 422 4438 perfidiae.
449 4352 568 4417 lutam
587 4349 687 4416 atroci
708 4349 853 4416 facinora
878 4354 1132 4437 operaepretium
