2618 5108
201 814 281 893 ‘ott
372 811 448 886 Ulr.
476 812 522 884 ab
548 808 690 884 Hutten
716 831 801 880 eum
823 805 978 881 Erasmo
1001 806 1086 880 Rot.

202 1019 309 1081 umen
332 1003 475 1067 continui
490 1023 558 1078 me,
578 1008 652 1065 eum
672 998 900 1063 nudiustertius
926 998 1079 1073 arbitror,
1099 995 1231 1063 affertur

202 1109 265 1177 buc
280 1106 335 1169 illa
353 1106 442 1185 prius
461 1124 479 1166 a
500 1126 551 1166 me
570 1112 813 1185 commemorata
831 1101 871 1162 ad
888 1100 1065 1162 Laurinum
1085 1099 1232 1178 epistola,

202 1197 306 1290 ptena'
325 1206 444 1268 odiose
476 1202 707 1276 insectationis,
739 1213 772 1263 et
793 1223 835 1263 ex
855 1199 1001 1282 professo
1033 1197 1121 1264 testis
1141 1219 1230 1263 com-
1279 1238 1285 1250 ·

204 1306 314 1372 mutati
345 1305 379 1369 in
406 1304 653 1368 diversissimum
679 1301 727 1364 tui
756 1300 868 1378 animi,
900 1305 952 1364 vel
977 1301 1004 1363 si
1033 1302 1059 1362 is
1087 1309 1229 1377 constet,

204 1419 359 1488 susceptae
390 1406 611 1480 simulationis,
643 1416 679 1466 ut
708 1400 893 1487 gratificeris
921 1401 976 1477 iis,
1010 1402 1065 1485 qui
1085 1411 1134 1474 to,
1165 1398 1229 1467 uisi

202 1508 346 1571 inimicus
364 1508 456 1572 nobis
472 1507 533 1582 sis,
553 1507 639 1568 terre
656 1505 789 1567 amicum
806 1525 871 1565 uon
887 1503 1018 1584 possint.
1044 1499 1229 1565 Delixitme

203 1607 250 1671 ibi
270 1609 433 1672 admiratio
455 1608 597 1690 quaedam
618 1606 657 1667 ad
669 1617 830 1685 stuporem
850 1625 969 1686 usque,
995 1602 1142 1685 coepique
1161 1601 1229 1666 fre·

203 1729 291 1772 mens
305 1729 502 1788 moerensque
515 1707 632 1790 agitare
643 1728 782 1781 mecum,
805 1705 882 1788 quid
895 1707 1019 1768 tandem
1034 1727 1103 1768 esse
1114 1703 1228 1786 possit,

202 1828 259 1871 eur
279 1820 331 1883 tu,
356 1807 411 1892 qui
432 1810 612 1871 Romanum
631 1807 819 1870 Pontificem
837 1828 939 1889 nuper
959 1807 992 1868 in
1012 1806 1157 1868 ordinem
1177 1827 1229 1870 re·

204 1908 350 1989 digebas,
371 1909 554 1983 nobiseum,
573 1909 672 1989 ipsam
692 1910 826 1970 Romam
844 1911 997 1970 scelerum
1017 1930 1053 1970 ac
1073 1908 1226 1988 improbi-

200 2010 269 2073 tatis
304 2010 475 2084 sentinam,
510 2009 637 2071 vindice
668 2011 786 2070 calamo
821 2010 1020 2091 increpabas,
1059 2010 1159 2072 bullas
1189 2030 1225 2073 ao

200 2110 413 2190 indulgentias
443 2109 666 2183 detestabaris,
702 2108 892 2171 caerimonias
911 2111 1093 2183 damnabas,
1116 2109 1225 2173 Curti·

200 2213 336 2274 sunieam
366 2213 532 2294 exigebas,
565 2208 615 2290 jus
643 2210 828 2271 canonicum
861 2222 892 2272 et
922 2213 1114 2273 Pontificum
1146 2211 1226 2276 scita

202 2312 421 2385 execrabaris,
451 2310 484 2372 in
511 2332 646 2384 summa,
683 2309 861 2372 universam
881 2310 961 2373 illius
990 2323 1086 2372 status
1105 2313 1226 2393 hypro-

199 2411 303 2475 crisim
324 2411 523 2474 severissime
543 2409 749 2489 profligabas,
770 2411 794 2472 is
816 2431 901 2471 nnnc
919 2423 1120 2488 retroactus,
1145 2435 1225 2477 con·

199 2512 296 2573 traria
323 2511 484 2594 sequaris,
517 2521 639 2571 etcum
669 2510 773 2572 hostili
803 2523 891 2592 parte
918 2512 1099 2577 societatem
1124 2515 1225 2582 ineas.

197 2612 272 2675 Hoc
308 2611 440 2674 sollicite
473 2612 643 2673 admodum
676 2612 804 2693 agitanti
841 2611 930 2687 milri,
969 2617 1064 2676 multa
1093 2614 1223 2685 diverse

176 2776 180 2789 ,
198 2725 424 2790 occurrerunt,
452 2735 522 2797 quae
543 2734 612 2775 esse
631 2713 664 2774 iu
684 2734 778 2775 eausa
799 2712 978 2794 conjectare
1004 2714 1130 2791 liceret,
1163 2738 1223 2785 eur

198 2825 234 2876 tu
255 2813 299 2875 sic
331 2837 348 2876 a
378 2826 408 2876 te
434 2815 504 2896 ipso
536 2813 743 2878 discessisses.
796 2814 848 2876 llla
867 2815 1003 2895 primum
1021 2815 1222 2896 inexplebilis

194 2913 286 2977 famae
305 2915 389 2991 sitis,
409 2914 517 2996 gloriae
537 2914 683 2988 avaritia,
706 2936 769 2997 qua
787 2926 819 2976 te
837 2915 923 2978 ferre
944 2930 1062 2999 negant
1076 2939 1224 2983 succres-

195 3025 320 3075 centem
337 3014 394 3078 tibi
419 3015 553 3076 alienam
571 3013 732 3076 virtutem.
781 3015 906 3078 Deinde
937 3017 1030 3080 animi
1058 3020 1224 3083 imbecilli·

195 3124 260 3187 tas,
280 3136 350 3196 quse
369 3114 443 3176 nrihi
464 3135 590 3195 semper
608 3115 642 3176 iu
659 3127 706 3189 te,
728 3126 762 3176 ut
780 3126 833 3177 tua
846 3116 974 3199 indigna
990 3121 1220 3201 magnitudine,

195 3213 371 3293 displicuit,
407 3225 442 3275 ut
461 3225 493 3276 te
518 3215 643 3277 illorum
661 3216 752 3278 minis
773 3237 808 3277 ac
835 3229 958 3282 terrore
983 3234 1130 3287 eoactum
1150 3245 1223 3288 ere·

193 3315 314 3379 desem.
353 3315 416 3377 Sed
442 3315 519 3376 duni
538 3314 686 3378 intentius
708 3318 809 3379 adhuc
829 3319 1017 3400 considero,
1048 3324 1151 3387 visum
1171 3338 1222 3390 est

194 3428 345 3481 neutrum
372 3416 487 3478 horum
515 3415 587 3478 satis
619 3435 689 3477 esse
712 3418 753 3480 ad
781 3419 858 3493 hoc,
892 3423 981 3504 quod
1006 3423 1221 3507 inquirebam.

194 3519 310 3602 Neque
342 3517 425 3581 enim
452 3528 484 3578 et
510 3517 537 3580 si
566 3517 709 3579 Lutbero
736 3515 913 3595 invideres,
947 3524 1037 3605 quod
1057 3523 1083 3585 is
1102 3526 1166 3604 jam
1184 3526 1221 3591 in

193 3641 253 3682 ore
274 3630 323 3681 est
341 3617 504 3694 omnibus,
525 3619 678 3701 quodque
698 3615 768 3698 ejus
788 3619 859 3682 libri
879 3621 1033 3686 habentur
1048 3626 1164 3705 passim
1182 3626 1220 3691 in

192 3720 337 3785 manibus
363 3719 460 3801 magis
486 3740 574 3801 paene
606 3742 699 3803 quam
727 3719 789 3795 tui,
821 3743 927 3806 exque
953 3744 993 3786 eo
1014 3725 1140 3787 devicto
1162 3728 1221 3790 ali-

192 3839 289 3901 quam
314 3841 519 3901 praesumeres
547 3821 604 3884 tibi
635 3824 775 3897 laudem,
809 3824 938 3907 aliquod
961 3828 1073 3903 decus,
1102 3827 1148 3890 sic
1168 3849 1220 3891 ar-

193 3919 349 3997 bitrabar,
383 3935 624 4002 persecuturum
653 3924 750 3987 luisse
770 3945 856 4000 eanr,
888 3930 939 3988 vel
965 3927 1133 4006 invidiam,
1165 3934 1221 3994 vel

191 4018 416 4099 ambitionem,
448 4035 485 4087 ut
514 4035 611 4087 totam
631 4027 733 4088 statim
763 4047 906 4103 causam,
941 4050 1011 4111 quae
1044 4050 1104 4091 nec
1133 4029 1219 4094 illius

191 4119 323 4200 propria
343 4130 408 4197 e'st,
428 4143 488 4185 nee
506 4125 546 4185 ab
565 4127 635 4206 ipso
654 4126 789 4206 primum
802 4127 852 4206 agi
867 4139 983 4208 coepta,
1000 4151 1216 4213 oppugnares,

188 4220 248 4283 aed
284 4220 462 4286 habiturum
490 4225 646 4288 rationem
672 4225 734 4301 ibi,
767 4229 901 4308 primum
928 4228 975 4291 tui
1012 4229 1127 4311 ipsius,
1158 4235 1217 4316 qui

187 4321 323 4384 luereres
344 4322 458 4386 defixis
476 4324 527 4387 bie
543 4325 692 4406 pedibus;
714 4328 830 4391 deinde
845 4332 1014 4394 multorum
1027 4332 1218 4397 clarissimo-

90 4489 92 4499 ,
188 4443 261 4487 rum
279 4432 376 4505 etque
396 4424 588 4508 optimorum
608 4426 766 4507 virorem,
787 4431 827 4494 ad
843 4453 925 4515 quos
945 4435 1078 4498 mrdtum
1096 4455 1139 4501 ex
1155 4438 1216 4503 bac
