2618 5108
110 913 113 917 ι
216 808 287 879 tta
454 805 532 880 Ott.
556 801 753 880 Brunselsii
775 804 981 905 Responsio

215 995 467 1082 mixturaeque,
496 997 606 1061 vinum
627 998 845 1062 damnatomm
866 999 902 1062 in
920 1000 1018 1065 domo
1043 999 1105 1065 Dei
1130 1005 1243 1082 nostri,

206 1118 330 1189 ¹aquarn
349 1099 507 1162 turbidam
522 1099 680 1182 Aegypti,
708 1099 864 1163 cisternas
878 1100 1040 1181 dissipatas
1055 1105 1125 1165 sine
1147 1125 1241 1187 aqua,

215 1199 293 1262 telas
317 1219 523 1275 araneorum,
547 1220 610 1261 ova
620 1199 782 1278 aspidum,
802 1201 1035 1284 coloquintidas
1045 1203 1239 1281 mortiferas,

214 1300 334 1379 paleas,
365 1298 528 1378 stipulam,
550 1298 688 1372 tanum,
719 1299 927 1377 fermentum,
960 1301 1239 1381 abominationem,

214 1406 335 1461 stereus
365 1409 399 1462 et
417 1401 548 1483 laqueos
567 1399 706 1463 Diaboli.

290 1500 491 1563 Erasmus.
530 1497 616 1582 Quid
638 1499 696 1576 sit,
725 1499 914 1564 Pontificem
928 1501 960 1562 in
987 1503 1132 1566 ordinem
1155 1503 1239 1565 redi·

213 1617 311 1681 gere,
340 1619 406 1660 non
428 1615 502 1662 satas
525 1619 604 1662 soto.

290 1699 394 1762 Otto.
433 1698 601 1776 Existimo,
622 1699 650 1764 si
667 1722 752 1763 nunc
772 1687 1083 1789 viveretfiluttenus,
1105 1705 1167 1765 hoc
1185 1724 1238 1766 re·

212 1801 388 1884 sponderet
405 1799 556 1863 sortasse:
576 1800 702 1864 Videor
721 1803 823 1875 enim,
844 1822 928 1863 nunc
946 1803 1026 1864 illius
1045 1804 1143 1865 verba
1164 1803 1238 1866 mihi

213 1901 324 1965 audire
342 1911 376 1963 et
394 1900 539 1983 spiritum
557 1900 686 1963 lubere.
725 1902 758 1962 Si
779 1904 930 1964 exaltatus
950 1903 1046 1966 luerit
1066 1915 1101 1965 ut
1120 1904 1235 1986 aquila,

199 2013 248 2066 -et
267 2000 349 2066 inter
379 2000 484 2065 sidera
514 1997 659 2083 posuerit
690 2001 799 2063 nidum
828 2023 938 2079 suum,
971 2016 1006 2064 ut
1026 2004 1238 2083 perverbum

212 2102 344 2166 Domini
362 2102 437 2165 inde
457 2101 640 2183 dejiciamus
666 2121 762 2178 eum,
788 2095 1057 2186 praedicemusque
1077 2103 1238 2166 abomina-

210 2205 315 2268 tiones
333 2204 431 2286 ipsius
458 2201 610 2265 nefandas
628 2212 662 2265 et
681 2201 829 2284 pessimas
848 2203 994 2266 omuibus
1014 2203 1178 2282 gentibus,
1206 2213 1239 2265 et

212 2305 362 2369 faciamus
397 2303 632 2366 obsecrationes
662 2303 702 2364 ad
730 2301 901 2366 Dominum
929 2305 1037 2366 lesum
1064 2302 1235 2378 Christum,

211 2404 267 2487 qui
287 2414 335 2481 est
352 2412 447 2483 eaput
465 2401 632 2478 Ecclesiae,
662 2424 731 2484 quse
751 2413 798 2463 est
818 2424 933 2484 eorpus
953 2405 1052 2478 illius,
1082 2414 1116 2463 ut
1135 2405 1235 2464 conli-

211 2505 271 2566 eiat
290 2523 364 2566 eum
379 2522 518 2582 spumam
536 2501 600 2564 oris
619 2502 680 2577 sui,
698 2503 889 2587 dejicietque
905 2525 946 2565 ex
960 2505 1059 2578 astris,
1080 2503 1135 2565 ubi
1148 2504 1234 2565 exal·

209 2604 288 2669 tavit
307 2605 419 2668 solium
438 2620 529 2667 suum
554 2605 596 2666 de
612 2616 722 2667 monte
749 2605 940 2680 testamenti,
971 2607 1175 2686 detrahatque
1200 2603 1233 2664 in

208 2706 403 2791 profundum
423 2704 500 2782 laci,
519 2716 551 2765 et
570 2703 664 2767 faeiat
687 2705 881 2783 Babylonem
900 2706 999 2778 illam,
1019 2706 1129 2780 idest,
1151 2703 1233 2765 illam

208 2808 313 2872 fecem
335 2805 473 2868 ultimam
500 2803 757 2879 Curtisanorum,
793 2807 873 2867 sieut
893 2804 1049 2867 subvertit
1076 2804 1232 2866 Dominus

209 2909 380 2972 Sodomam
408 2915 440 2968 et
467 2903 673 2981 Gomorram,
704 2915 739 2965 ut
764 2907 935 2968 salvussit
961 2904 1088 2985 spiritus
1121 2923 1233 2964 eorum

210 3011 243 3073 in
261 3009 313 3071 die
333 3005 454 3088 judicii.
492 3007 572 3068 Nam
590 3005 648 3066 iste
665 3016 713 3068 est
729 3003 795 3081 vir,
814 3004 873 3088 qui
887 3005 1087 3067 conturbavit
1107 3015 1232 3077 terram,

212 3109 270 3191 qui
295 3106 457 3170 concussit
476 3126 593 3186 regna,
619 3105 678 3189 qui
698 3106 805 3186 posuit
830 3106 945 3168 orbem
971 3108 1147 3180 desertum,
1176 3101 1233 3186 qui

210 3207 326 3269 oceidit
342 3207 470 3280 animas,
487 3229 556 3289 quae
572 3226 638 3268 non
650 3202 839 3280 moriuntur,
856 3207 922 3289 qui,
939 3217 974 3268 ut
992 3227 1117 3286 atrceps,
1135 3224 1231 3265 aueu-

207 3319 300 3393 patut
319 3319 367 3371 est
385 3307 539 3387 pretiosas
557 3306 698 3381 animas,
712 3327 771 3386 pro
792 3307 907 3390 quibus
925 3305 1067 3369 Christus
1086 3315 1231 3366 mortuus

209 3420 267 3486 est,
286 3408 341 3493 qui
357 3408 446 3490 virga
462 3427 519 3469 sua
537 3407 656 3468 cecidit
670 3409 805 3487 populos
819 3397 851 3468 iii
865 3407 987 3483 lurore,
1005 3408 1095 3487 plaga
1108 3404 1231 3467 insana·

208 3509 281 3587 bili,
308 3510 498 3571 anathemate
529 3507 756 3570 crudelissimo.
801 3509 875 3569 Hoc
895 3509 980 3587 apud
1002 3509 1176 3568 llutteuum
1197 3515 1229 3566 et

212 3619 352 3692 majam
372 3610 564 3688 Prophetam
583 3607 711 3685 fuisset,
732 3606 764 3670 in
786 3608 929 3669 ordinem
948 3608 1094 3687 redigere
1120 3605 1231 3665 Ponti-

208 3717 310 3778 ficem.
348 3714 389 3772 Et
407 3710 481 3771 dieo
507 3708 582 3769 tibi:
608 3706 727 3770 securis
747 3709 787 3770 ad
806 3709 944 3769 radicem
964 3706 1026 3786 jam
1046 3705 1147 3784 posita
1168 3715 1228 3766 est.

207 3812 366 3878 Dominus
382 3809 579 3871 exercituum
591 3808 753 3882 decrevit;
774 3807 892 3889 etquis
911 3807 1027 3888 poterit
1046 3805 1228 3869 infirmare?

208 3902 252 3977 Et
279 3930 390 3975 manus
420 3906 491 3990 ejus
520 3917 664 3983 extenta3
693 3908 767 3991 quis
797 3917 918 3968 avertet
948 3906 1039 3970 eam?
1070 3909 1229 3972 Dominus

208 4015 297 4079 Deus
317 4014 440 4074 loeutus
460 4019 523 4083 esu
545 4008 615 4091 quis
636 4029 702 4069 non
721 4006 944 4088 prophetabit?

283 4116 480 4177 Erasmus.
519 4111 680 4171 Huttenus
695 4107 856 4171 maledixit
868 4107 1035 4184 Pontifici,
1059 4128 1118 4169 nec
1133 4109 1227 4170 ullam

210 4234 344 4279 muscam
364 4213 596 4273 Romanensem
613 4210 701 4271 lesit.
1089 4205 1096 4221 ’

214 4324 216 4329 ’
285 4317 393 4378 Otto.
431 4311 553 4370 Eorum
587 4309 698 4371 urbem
737 4307 866 4390 quidem
895 4327 960 4368 non
989 4306 1124 4382 excidio
1157 4330 1226 4370 non

210 4414 341 4480 vastarit
360 4409 499 4473 colonias
518 4419 551 4472 et
567 4408 803 4492 possessionest
821 4407 879 4470 sed
897 4428 958 4470 nee
976 4429 1116 4492 unquam
1136 4412 1225 4472 vole-
