2618 5108
563 773 753 876 Dialogus,
1094 781 1164 852 161

554 971 753 1036 Munitor-

216 1075 380 1161 Equidem
397 1075 465 1140 vidi
487 1085 535 1138 tot
553 1075 715 1139 mensibus
744 1073 821 1138 nihil
840 1073 892 1157 agi
910 1075 995 1140 eirea
1022 1096 1057 1142 se
1084 1079 1171 1147 aliud

134 1199 287 1265 passum,
317 1189 350 1241 et
375 1179 410 1240 in
426 1178 563 1241 Lutheri
591 1177 725 1261 negotio
749 1186 874 1256 tempus
893 1178 1070 1244 extraxisse
1088 1181 1170 1260 illos,

137 1280 290 1346 omnibus
311 1277 437 1341 interim
457 1279 517 1341 alia
547 1299 618 1342 esse
646 1277 788 1361 gerenda
805 1298 891 1339 nune
909 1279 1173 1362 vociferantibus,

136 1395 177 1448 ut
195 1382 292 1445 etiam
311 1381 361 1441 hie
378 1392 484 1443 tecum
502 1380 652 1455 sentiam,
676 1400 736 1442 suo
750 1377 857 1461 potius
871 1381 979 1442 cursui
992 1385 1175 1467 relinquen·

139 1486 211 1550 dam
231 1487 313 1548 hane
334 1503 417 1557 rem,
448 1481 623 1562 praesertim
643 1481 683 1543 atl
702 1480 807 1543 bonos
829 1490 862 1541 et
880 1481 1021 1545 salubres
1041 1487 1176 1551 tendere

139 1586 248 1649 exitus
275 1606 348 1647 eum
374 1584 536 1660 videatur,
567 1582 687 1657 tuisse,
717 1602 813 1664 quam
841 1587 963 1647 summa
988 1583 1176 1669 interposita

138 1687 314 1753 autoritate
334 1683 527 1748 exacerbare
546 1683 683 1766 partium
702 1683 817 1748 studia.

228 1964 231 1969 ⁶
533 1879 791 1946 Franciseus.

218 1998 352 2062 Nostrae
381 1996 513 2081 quidem
548 1997 640 2058 valde
677 1989 900 2077 exacerbavit,
939 2000 1027 2065 visus
1065 2001 1179 2084 juvare

141 2099 303 2164 adversam
348 2099 459 2180 Atque
483 2099 549 2160 haee
569 2097 671 2160 omnis
700 2100 808 2181 eulpa,
843 2111 1091 2187 quantacunque
1120 2115 1179 2181 est,

120 2199 178 2267 ,in
195 2199 277 2265 istos
297 2199 381 2262 eadit
400 2196 472 2278 ejus
493 2200 710 2276 consultores,
730 2201 875 2267 homines
896 2221 956 2283 pro
975 2224 1011 2264 se
1023 2205 1182 2288 lucroque

141 2322 222 2379 no,
255 2300 347 2363 laeile
375 2300 538 2384 quidpiam
566 2300 735 2363 suadentes
760 2302 814 2366 illi.
866 2305 965 2385 Quod
988 2325 1040 2368 me
1067 2306 1183 2370 summi

143 2403 372 2478 odolescentia,
394 2400 514 2483 optima
532 2401 640 2463 indole
660 2403 796 2482 praediti,
816 2404 955 2467 miseret.
987 2407 1104 2491 Neque
1116 2429 1183 2471 non

143 2503 337 2586 sipossem,
356 2503 496 2565 maximo
517 2500 612 2565 etiam
632 2523 705 2566 eum
720 2506 884 2583 periculo,
905 2506 1148 2572 circumsessum
1166 2529 1186 2572 a

143 2605 283 2689 pessimo
316 2605 481 2667 honrlnurn
512 2625 649 2686 genere,
693 2604 727 2667 vi
756 2626 792 2667 ae
817 2605 970 2669 violentia
1005 2609 1185 2696 liberarem,

143 2706 253 2769 Video
274 2705 360 2768 enirn
381 2706 494 2768 misere
519 2704 608 2768 illudi
635 2703 706 2785 ejus
726 2707 931 2784 innocentia,
953 2707 993 2769 ab
1012 2709 1049 2773 iis
1068 2711 1185 2796 quibus

144 2808 318 2892 plurimum
348 2809 417 2888 ipse
439 2806 518 2870 fidit.
565 2806 630 2888 Qui
659 2819 793 2889 putasne
821 2807 854 2868 in
882 2829 918 2869 re
944 2809 1085 2888 nefaria,
1120 2824 1184 2878 tam

143 2915 294 2997 nequiter
327 2910 597 2991 supparasitarent
633 2929 720 2970 nune
757 2910 905 2971 Romano
942 2909 1111 2991 Pontifici,
1152 2926 1186 2978 et

141 3034 269 3077 causam
291 3032 335 3073 ex
356 3009 551 3072 conscientia
572 3009 692 3071 nemini
705 3009 826 3072 homini
838 3009 1053 3090 probabilem,
1073 3015 1185 3077 desen·

144 3115 282 3190 alerent,
313 3111 377 3175 nisi
403 3113 466 3174 hoe
492 3121 595 3186 esset,
628 3110 718 3192 quotl
752 3109 867 3190 passim
892 3111 985 3188 dico,
1015 3115 1185 3195 mussitari,

143 3233 352 3301 permagnam
394 3212 464 3274 auri
502 3211 568 3273 vim
605 3231 624 3272 a
652 3209 846 3277 Romanistis
884 3211 918 3276 in
944 3214 1187 3296 corruptionem

144 3317 327 3383 Germanis}
348 3311 567 3396 dispertitam?

570 3492 771 3557 Munitor-

222 3611 333 3677 Faeile
362 3610 453 3674 credi
490 3610 605 3686 debet,
646 3610 802 3693 quosdam
836 3628 895 3688 per
924 3609 1126 3692 largitionem
1153 3611 1188 3674 in

149 3716 316 3780 diversum
332 3712 500 3775 abductos.
537 3713 580 3772 Et
599 3708 662 3791 jam
677 3711 712 3771 in
727 3709 842 3771 sabulis
859 3712 921 3773 hoe
937 3721 995 3773 est.
1027 3712 1188 3777 Praeterea

148 3815 310 3901 quosdam
328 3811 408 3876 novi
428 3813 505 3875 aulae
524 3811 636 3892 hujus,
656 3813 744 3874 fluxa
761 3811 843 3888 fide,
865 3823 897 3873 et
916 3811 1059 3893 pecuniae
1080 3814 1187 3879 studio

149 3919 220 4001 plus
240 3915 340 3981 nimio
362 3915 507 3990 deditos,
533 3935 661 3993 semper
686 3914 725 3976 ad
745 3934 839 3976 suum
865 3923 1019 3996 quaestum
1046 3916 1185 3984 callidos,

150 4038 260 4103 neque
280 4037 422 4101 unquam
441 4017 529 4092 lere,
556 4026 592 4078 ut
610 4015 693 4077 illius
713 4015 898 4076 consulatur
916 4006 1034 4090 rebus,
1055 3996 1187 4097 ingenio

148 4131 295 4194 utentes,
326 4119 482 4203 quosdam
511 4116 605 4179 etiam
635 4136 765 4188 eorum,
793 4135 863 4196 quas
896 4124 1011 4195 agunt,
1044 4116 1187 4180 omnium

150 4220 350 4305 falsiloquos.
378 4221 488 4303 Atque
506 4217 554 4281 his
575 4217 659 4280 inter
677 4227 726 4278 tot
745 4237 780 4278 ae
798 4225 883 4276 tanta
902 4217 1022 4278 seelera
1038 4216 1186 4279 fraudem

146 4322 287 4386 miscere
305 4321 488 4384 innocentia
506 4330 572 4392 est;
593 4316 650 4402 qui
669 4316 800 4397 quidem
821 4326 856 4377 ut
874 4328 1048 4381 sementem
1066 4316 1187 4381 faciunt

148 4444 253 4500 nune,
274 4422 319 4487 ita
338 4422 507 4508 aliquando
525 4430 645 4484 metent
664 4416 812 4481 arbitror.
