2618 5108
556 124 843 316 ,σι
885 282 902 293 ο

150 406 154 413 .

111 1292 345 1371 Utrichus
384 1296 634 1373 Huttenus
670 1297 726 1374 ad
758 1298 972 1378 Leonem
994 1297 1044 1377 X.

515 1482 658 1501 m

60 1586 150 1690 ,Hes
169 1643 272 1704 super
290 1624 382 1687 Bulla
414 1637 467 1690 tus
492 1624 677 1708 habuimus,
704 1628 856 1697 Pontifex
881 1631 970 1708 Leo,
998 1651 1094 1716 quam

60 1725 231 1804 prestabat
262 1727 373 1790 Rome
398 1727 557 1792 contineri
584 1732 670 1812 apud
700 1745 843 1796 sonetum
874 1734 1026 1810 Petrum,
1057 1744 1094 1797 ut

60 1837 222 1909 perpetuo
247 1829 372 1904 lateret,
403 1849 499 1912 quom
525 1837 612 1893 tauto
642 1855 714 1896 cum
734 1833 861 1916 pudore
885 1835 926 1910 (si
946 1846 976 1896 te
994 1836 1093 1898 modo

61 1929 163 2009 pudet
182 1927 394 2004 dedecoris,)
429 1930 516 1992 toras
535 1942 569 1993 et
589 1931 622 1994 in
641 1935 744 1997 lucem
763 1936 871 2000 emitti.
923 1939 1030 2018 Quare
1050 1955 1093 1999 ne

61 2051 127 2093 uon
147 2049 277 2110 semper
295 2029 416 2112 tdiquid
436 2043 523 2094 reete
542 2054 725 2098 moneamus
744 2049 793 2113 te,
821 2037 959 2121 pretium
985 2058 1093 2119 operm

62 2142 128 2206 est,
146 2130 198 2194 isti
219 2141 280 2192 tue
299 2130 430 2194 licentiae
443 2132 574 2194 muti-r
590 2145 747 2214 statuere,
768 2150 800 2200 et
810 2142 986 2217 petulantes
997 2138 1093 2217 hujus

62 2232 191 2314 generis
221 2233 325 2294 Bulltts
353 2233 500 2310 frenare,
544 2255 586 2296 ne
621 2239 690 2316 plus
719 2261 811 2323 equo
852 2262 887 2304 se
916 2240 1094 2303 effundant.

62 2334 182 2397 Paulus
201 2330 295 2413 jubet
313 2333 407 2396 etiam
426 2354 444 2395 a
463 2333 570 2417 specie
589 2338 661 2400 mati
681 2341 838 2404 altstiuere
861 2352 910 2417 te,
931 2352 1017 2405 tanto
1036 2342 1095 2405 mi·

63 2457 121 2498 uus
154 2434 273 2512 debet,
311 2445 456 2516 apertum
482 2445 514 2498 te
545 2436 771 2503 offendiculum
797 2442 940 2523 prebere
970 2445 1093 2524 populo

64 2535 263 2613 ctrisnmo,
283 2534 337 2599 eui
355 2534 419 2614 jam
436 2556 624 2617 persuasum
642 2540 702 2623 ipsi
722 2563 853 2626 quoque
874 2554 936 2618 est,
957 2543 991 2606 in
1011 2543 1094 2606 Ger·

63 2638 165 2703 mnis
191 2636 381 2719 presertim,
410 2659 452 2701 ex
476 2638 717 2706 Pontifiealibus
739 2644 1036 2720 constitutionibus,
1056 2656 1094 2709 ut

64 2743 149 2806 numi
161 2743 263 2825 vulgo
276 2750 370 2816 sunt,
390 2750 478 2802 tanto
492 2759 652 2825 quamque
664 2744 856 2809 deteriorem
871 2765 953 2821 esse,
971 2756 1094 2828 quanto

63 2845 100 2910 sit
118 2843 297 2908 recentior.
348 2842 423 2904 Noli
453 2863 533 2905 vero
562 2855 756 2907 commutare
787 2846 953 2910 veritatem
977 2846 1041 2909 Dei
1058 2845 1094 2911 in

64 2945 282 3020 mendacium,
303 2955 335 3008 et
353 2947 505 3008 humanas
525 2955 647 3008 vestras
668 2945 928 3023 constitutiones,
958 2946 999 3010 ab
1018 2968 1093 3010 avu-

62 3048 128 3112 ritis
145 3058 179 3109 et
194 3046 367 3110 ambitione
383 3047 610 3128 depromptas,
630 3044 746 3110 divinis
763 3047 914 3128 praeferre
927 3047 1092 3137 mandetis,

63 3161 91 3212 et
107 3148 176 3214 Dei
194 3148 311 3212 verbo.
359 3147 443 3210 Illud
460 3145 600 3229 inprimis
625 3147 757 3223 desiste,
793 3169 901 3212 umore
919 3150 1014 3225 lucri,
1046 3150 1094 3212 dt·

64 3255 137 3315 etna
157 3250 323 3333 scripura
355 3268 483 3313 sensum
502 3247 621 3331 iniquis
641 3245 835 3332 detorquere
854 3250 972 3327 modis,
1001 3251 1095 3315 stab

63 3373 94 3419 te
118 3353 262 3418 alienum
279 3351 432 3426 reddere,
464 3370 501 3412 ae
525 3349 680 3412 fascinare
705 3349 847 3413 fidetium
878 3362 1016 3427 mentes,
1050 3373 1093 3414 ue

64 3455 188 3520 ueritati
208 3453 372 3517 obediant.
411 3454 491 3514 Num
512 3451 592 3535 quid
610 3450 736 3513 conaris
755 3462 818 3512 tam
837 3452 1009 3515 manifestis
1030 3453 1093 3516 tuis

65 3557 187 3642 trgttiis
214 3555 296 3619 boui
325 3553 464 3634 speciem
492 3552 668 3614 inducero?
707 3556 806 3634 qu'um
832 3552 969 3632 possim,
1001 3553 1028 3616 si
1059 3553 1093 3614 in

9 3670 11 3705 ²
66 3656 336 3721 manitionem
354 3674 403 3718 me
422 3653 632 3737 perduxeris,
653 3651 805 3715 nnumin
826 3652 996 3717 Germania
1015 3653 1094 3735 Epi·

67 3780 195 3843 scopum
206 3748 386 3820 'ostendere
404 3754 569 3829 omnibus,
590 3777 608 3817 a
624 3776 691 3839 quo
707 3754 741 3817 vi
755 3775 790 3818 ac
804 3755 919 3818 fraude
930 3757 1093 3823 extorsisti
1147 3834 1149 3839 ,

68 3880 175 3944 qnater
200 3859 349 3942 sexagies
379 3856 463 3920 mitte
491 3875 617 3919 aureos.
662 3858 722 3919 Est
744 3855 807 3918 hoc
831 3858 966 3920 tondere
986 3859 1093 3924 oves?

67 3963 125 4026 Aut
143 3963 294 4045 spelunca
308 3962 467 4022 latronum
479 3957 563 4023 ineta
575 3967 624 4020 est
639 3957 754 4020 domus
768 3956 922 4021 Domini?
947 3960 1093 4057 Tandem

67 4062 288 4148 cupiditatibus
307 4061 370 4123 tuis
390 4059 526 4136 obsiste,
555 4071 651 4143 utque
671 4057 761 4122 istam
782 4069 923 4143 tempere
942 4062 1094 4141 rapacita-

67 4175 125 4230 tem
143 4178 248 4242 turm,
269 4163 434 4226 confidens
454 4164 485 4224 in
504 4160 612 4224 verbis
632 4159 805 4236 mendacii,
824 4181 861 4222 ac
880 4161 990 4226 diceus
1009 4185 1094 4247 quo·

23 4308 26 4315 ·
67 4268 157 4334 tidie:
190 4268 362 4349 Temptum
389 4263 540 4340 Domini,
568 4262 738 4342 Templum
763 4261 910 4327 Domini!
936 4274 984 4328 et:
1009 4265 1092 4341 Pax,

27 4354 31 4367 ’
69 4366 144 4434 Pax!
165 4390 268 4454 quum
285 4388 350 4431 non
369 4365 409 4430 sit
428 4386 502 4446 pax.
540 4364 622 4426 Nam
638 4365 849 4427 utbominum
871 4384 972 4447 genus
993 4365 1092 4444 initas,

70 4469 107 4536 b's
121 4468 294 4537 fraudibus
319 4489 387 4531 non
416 4477 509 4548 potes
531 4466 619 4530 illum
647 4469 744 4529 tatere
771 4466 917 4529 cordium
936 4479 1092 4529 scrutato·

71 4590 145 4655 tem,
167 4571 272 4659 quatis
292 4570 346 4635 sis.
384 4567 665 4634 Meminerisrsro
679 4565 795 4650 nogent
810 4565 1012 4648 inundantis,
1035 4571 1091 4634 ubi
