2618 5108
235 78 703 273 ,4,,ᾄοφι
746 242 764 251 ’

504 734 507 742 ¹
566 778 765 858 Investira.
831 778 836 786 ’
1101 788 1174 869 259

142 981 232 1042 arura
265 975 380 1039 altaria.
437 978 518 1040 Nam
545 976 623 1061 quid
659 998 728 1040 cum
751 975 878 1042 Christo
909 978 1041 1043 domino
1070 981 1175 1061 robis,

143 1079 202 1163 qni
233 1077 320 1140 servi
343 1077 420 1141 sacti
453 1077 527 1142 estis
554 1099 737 1140 mammonae
764 1079 964 1164 iniquitatis?
995 1081 1179 1147 Secundum

145 1200 274 1242 cantem
291 1178 384 1255 estis,
406 1191 502 1262 atque
522 1177 619 1261 igitur
632 1202 702 1262 ‹111ae
722 1183 824 1244 carnis
837 1192 927 1258 sunt,
947 1181 1065 1263 sapitis.
1104 1185 1179 1248 Huc

137 1271 325 1362 spirituales
340 1280 501 1355 homines,
522 1279 578 1363 qui
596 1303 665 1362 qnae
682 1281 811 1363 spiritus
827 1294 901 1345 sunt
920 1283 1070 1359 sentiant,
1093 1306 1179 1368 quae·

145 1398 276 1446 runtur.
314 1384 424 1464 Atque
445 1380 542 1464 igitur
561 1381 653 1443 vobis
671 1382 832 1464 quiricum
849 1386 1049 1463 eleemosyna
1065 1406 1179 1466 paren·

140 1493 213 1547 tum
246 1492 441 1557 nostrorum,
474 1503 569 1566 quam
596 1484 628 1543 in
656 1503 815 1563 pauperes
846 1482 964 1547 Christi
984 1487 1180 1569 erogandam

138 1582 191 1648 r'tti
229 1599 473 1659 concesserunt,
517 1594 548 1646 et
574 1563 763 1646 idcirco⁸ad
792 1587 937 1648 ecclesias
963 1587 1179 1667 conserentes,

147 1686 320 1749 heredibus
341 1685 432 1746 uobis
454 1672 665 1747 ademerunt?
704 1685 790 1764 Quid
810 1687 849 1750 ad
868 1686 939 1769 pios
966 1708 1042 1752 usus
1062 1689 1181 1753 contri·

146 1787 247 1850 buitis
269 1787 307 1848 ad
327 1788 505 1867 crapulam,
525 1784 553 1848 si
572 1784 802 1863 hortationem,
830 1788 944 1851 fastum
974 1799 1006 1849 et
1030 1809 1180 1871 pompam

145 1888 330 1963 abutimini,
365 1910 437 1949 curn
470 1887 596 1950 interim
629 1885 707 1948 boni
735 1888 824 1950 multi
853 1899 885 1951 et
908 1887 1051 1971 religiosi
1077 1891 1180 1956 homi·

139 2013 206 2054 nes
227 1990 391 2053 esuriant?
412 1988 498 2070 Quid
517 2010 577 2051 vos
589 1989 622 2050 in
642 1989 718 2049 luxu
733 1987 916 2064 abundatis,
937 2009 1010 2051 cum
1028 1988 1178 2054 meliores

141 2092 259 2166 uobis,
281 2103 312 2151 et
335 2112 416 2172 qrros
435 2091 520 2151 hunc.
539 2100 649 2150 tenere
670 2089 777 2151 locum
796 2089 958 2171 oportuit,
980 2089 1063 2152 fame
1082 2103 1179 2176 atque
1233 2127 1236 2134 ,

147 2196 258 2276 algore
291 2191 530 2253 conficiantur?
562 2190 650 2272 Quid
681 2191 848 2270 pecuniam
884 2191 1039 2268 ecclesia,
1084 2213 1180 2275 quam

141 2295 317 2377 egentibus
339 2292 484 2354 distribui
511 2292 620 2368 decet,
652 2291 684 2354 in
705 2289 965 2372 popinationibus
998 2303 1029 2354 et
1048 2293 1179 2378 nequis·

142 2396 233 2463 simis
255 2395 404 2477 nequitiis
424 2392 617 2474 profunditis
638 2404 671 2453 et
691 2391 892 2473 dilapidatis?
912 2394 983 2457 Vos
1003 2406 1181 2464 Lutherum

143 2496 351 2571 damnabitis,
383 2494 484 2558 ‹tiviui
504 2493 594 2558 verbi
615 2493 869 2556 adnuntiatorem
887 2493 1054 2574 invictum,
1073 2519 1180 2565 eume

143 2600 240 2663 ,vobis
261 2600 396 2661 idoneus
421 2598 525 2659 nullus
545 2594 601 2669 sit,
625 2593 771 2657 doctrina
787 2596 840 2656 vel
854 2596 1182 2677 cohortationeexci·

143 2712 216 2765 tare
237 2701 331 2762 iidem
353 2696 494 2760 Christi?
527 2696 598 2756 Vos
617 2693 651 2756 in
672 2695 740 2756 otio
760 2706 792 2756 et
810 2694 950 2771 desidia,
977 2718 1015 2760 ac
1035 2701 1119 2763 omni
1134 2701 1182 2764 le·

146 2802 252 2865 'sitatis
298 2820 418 2882 genere
459 2795 670 2871 luxuriantes,
698 2794 829 2859 summis
861 2793 983 2859 viribus
1013 2810 1045 2862 et
1080 2821 1180 2881 opere

100 2972 103 2977 ,
145 2903 287 2969 maximo
308 2897 460 2963 laboranti
483 2897 516 2960 in
536 2897 630 2960 vinea
655 2895 776 2959 domini
805 2897 986 2976 molestiam
1001 2897 1181 2989 objicietipi
1279 2985 1286 2996 ¹

146 3004 216 3068 imo
250 3002 324 3086 quia
354 3000 492 3063 fructum
519 2999 625 3061 lacere
654 2998 785 3075 videtis,
818 3001 997 3081 per.scelus
1019 3001 1180 3091 opprime5
1256 2995 1257 2998 ¹

146 3105 215 3176 tis?
244 3104 297 3167 Sic
321 3102 428 3164 alienia
447 3098 629 3174 industrie,
663 3099 771 3183 ignavi
790 3099 867 3180 ipsi,
901 3111 934 3162 et
951 3102 1067 3167 nullius
1087 3102 1179 3187 bone

145 3205 253 3289 tingis
265 3202 474 3268 invidebitis?
494 3202 581 3283 Quin
594 3200 819 3271 etiamidcirco
832 3202 1087 3285 persequemini,
1105 3204 1181 3290 quia

146 3307 316 3370 veritatem
334 3306 449 3379 docet,
470 3324 570 3386 quam
585 3312 806 3383 postergantes
825 3323 902 3378 vos,
934 3301 968 3364 in
986 3302 1180 3386 locumnejus
1229 3386 1232 3393 y

147 3409 343 3474 Pontificum
362 3404 628 3479 constitutiones,
656 3422 757 3464 meras
778 3423 898 3484 nugas,
929 3403 987 3466 sed
1007 3425 1076 3488 quae
1096 3403 1180 3487 seria

146 3512 242 3576 robis
262 3511 378 3573 ducant
406 3512 491 3583 (nam
515 3508 606 3568 lucro
626 3503 713 3578 sunt)
732 3501 983 3585 supposueratis.
1030 3507 1074 3566 Et
1093 3524 1181 3568 nunc

149 3609 462 3692 irreprehensibilem
494 3604 564 3686 ejus
590 3603 784 3679 doctrinam,
816 3603 910 3666 novis
939 3603 1179 3671 mendaciorum

150 3712 301 3786 cumulis,
323 3707 464 3794 adgressi
486 3708 589 3786 ipsum
609 3715 754 3766 autorem
775 3703 883 3785 optimi
900 3703 1003 3767 meriti
1017 3706 1180 3772 conscium

151 3814 212 3879 sibi
231 3813 351 3877 invidia
370 3809 494 3873 virtutis
514 3805 585 3888 ejus
606 3815 639 3867 et
657 3804 769 3866 dolore
789 3803 957 3868 interversi
977 3806 1070 3870 vobis
1088 3807 1180 3888 lucri,

152 3928 298 3982 evertere
319 3925 351 3976 et
370 3909 573 3994 pessumdare
593 3905 760 3979 conamini.
807 3905 939 3969 'fimetis
960 3906 1063 3991 enim,
1085 3908 1109 3969 si
1128 3930 1180 3973 re-
1266 3986 1268 3991 !
1301 3922 1305 3927 '

148 4018 284 4081 viviscat
304 4012 532 4097 Evangelium‚
558 4020 669 4071 vestrae
692 4005 851 4068 autoritati
872 4007 1006 4069 decedat
1025 4007 1179 4072 nonnihil.

149 4116 307 4184 Nimirum
326 4113 537 4190 frugalitatem
558 4131 627 4172 cum
648 4109 761 4171 doceat
781 4104 851 4180 ille,
871 4126 908 4168 ac
926 4128 1008 4186 pure
1029 4112 1181 4186 omues⁸¹)

139 4240 325 4303 <sancteque
346 4186 422 4276 velit
443 4213 573 4288 rivere,
609 4221 641 4270 et
672 4207 736 4290 jam
763 4204 879 4288 passim
907 4205 1177 4290 accipiaturejus

187 4431 217 4490 ¹⁵)
238 4439 312 4482 Nos:
334 4447 424 4482 orarias.
