<?xml version="1.0" encoding="UTF-8"?>
<!DOCTYPE html PUBLIC "-//W3C//DTD XHTML 1.0 Transitional//EN"
    "http://www.w3.org/TR/xhtml1/DTD/xhtml1-transitional.dtd">
<html xmlns="http://www.w3.org/1999/xhtml" xml:lang="en" lang="en">
 <head>
  <title>
</title>
<meta http-equiv="Content-Type" content="text/html;charset=utf-8" />
  <meta name='ocr-system' content='tesseract 3.04.00' />
  <meta name='ocr-capabilities' content='ocr_page ocr_carea ocr_par ocr_line ocrx_word'/>
</head>
<body>
  <div class='ocr_page' id='page_1' title='image "./ulrichiabhutten00mngoog_0378.png"; bbox 0 0 2618 5108; ppageno 0'>
   <div class='ocr_carea' id='block_1_1' title="bbox 149 810 1137 889">
    <p class='ocr_par' dir='ltr' id='par_1_1' title="bbox 149 810 1137 889">
     <span class='ocr_line' id='line_1_1' title="bbox 149 810 1137 889; baseline 0.002 -5"><span class='ocrx_word' id='word_1_1' title='bbox 149 811 223 884; x_wconf 74' lang='lat'><strong>360</strong></span> <span class='ocrx_word' id='word_1_2' title='bbox 324 810 401 889; x_wconf 86' lang='lat' dir='ltr'><strong>Uir.</strong></span> <span class='ocrx_word' id='word_1_3' title='bbox 427 811 474 884; x_wconf 88' lang='lat' dir='ltr'><strong>ab</strong></span> <span class='ocrx_word' id='word_1_4' title='bbox 499 812 640 886; x_wconf 89' lang='lat' dir='ltr'><strong>Hutte&#39;n</strong></span> <span class='ocrx_word' id='word_1_5' title='bbox 665 837 749 887; x_wconf 88' lang='lat' dir='ltr'><strong>cum</strong></span> <span class='ocrx_word' id='word_1_6' title='bbox 772 814 927 888; x_wconf 85' lang='lat' dir='ltr'><strong>Erasmo</strong></span> <span class='ocrx_word' id='word_1_7' title='bbox 953 815 1038 888; x_wconf 88' lang='lat' dir='ltr'><strong>Rot.</strong></span> <span class='ocrx_word' id='word_1_8' title='bbox 1133 871 1137 878; x_wconf 91' lang='lat'><em>.</em></span> 
     </span>
    </p>
   </div>
   <div class='ocr_carea' id='block_1_2' title="bbox 70 1000 1199 4507">
    <p class='ocr_par' dir='ltr' id='par_1_2' title="bbox 70 1000 1199 4507">
     <span class='ocr_line' id='line_1_2' title="bbox 146 1000 1171 1086; baseline 0.002 -22"><span class='ocrx_word' id='word_1_9' title='bbox 146 1000 215 1064; x_wconf 76' lang='lat' dir='ltr'><strong>Aut</strong></span> <span class='ocrx_word' id='word_1_10' title='bbox 232 1010 295 1063; x_wconf 84' lang='lat' dir='ltr'><strong>tarn</strong></span> <span class='ocrx_word' id='word_1_11' title='bbox 312 1000 442 1084; x_wconf 87' lang='lat' dir='ltr'><strong>inop&#39;em</strong></span> <span class='ocrx_word' id='word_1_12' title='bbox 467 1001 640 1065; x_wconf 83' lang='lat' dir='ltr'><strong>amicorum</strong></span> <span class='ocrx_word' id='word_1_13' title='bbox 660 1002 875 1086; x_wconf 74' lang='lat' dir='ltr'><strong>Cspnionetn,</strong></span> <span class='ocrx_word' id='word_1_14' title='bbox 905 1005 1000 1067; x_wconf 76' lang='lat' dir='ltr'><strong>inosti</strong></span> <span class='ocrx_word' id='word_1_15' title='bbox 1020 1003 1082 1085; x_wconf 79' lang='lat' dir='ltr'><strong>jam</strong></span> <span class='ocrx_word' id='word_1_16' title='bbox 1102 1016 1171 1066; x_wconf 84' lang='lat' dir='ltr'><strong>tum</strong></span> 
     </span>
     <span class='ocr_line' id='line_1_3' title="bbox 145 1100 1171 1185; baseline 0.003 -22"><span class='ocrx_word' id='word_1_17' title='bbox 145 1100 288 1164; x_wconf 63' lang='lat' dir='ltr'><strong>moinum</strong></span> <span class='ocrx_word' id='word_1_18' title='bbox 297 1102 478 1179; x_wconf 72' lang='lat' dir='ltr'><strong>credidisti,</strong></span> <span class='ocrx_word' id='word_1_19' title='bbox 498 1115 534 1165; x_wconf 91' lang='lat' dir='ltr'><strong>ut</strong></span> <span class='ocrx_word' id='word_1_20' title='bbox 546 1125 621 1166; x_wconf 85' lang='lat' dir='ltr'><strong>cura</strong></span> <span class='ocrx_word' id='word_1_21' title='bbox 634 1126 700 1166; x_wconf 89' lang='lat' dir='ltr'><strong>non</strong></span> <span class='ocrx_word' id='word_1_22' title='bbox 714 1103 811 1167; x_wconf 82' lang='lat' dir='ltr'><strong>fuerit</strong></span> <span class='ocrx_word' id='word_1_23' title='bbox 830 1106 902 1180; x_wconf 89' lang='lat' dir='ltr'><strong>tibi,</strong></span> <span class='ocrx_word' id='word_1_24' title='bbox 923 1126 1021 1167; x_wconf 87' lang='lat' dir='ltr'><strong>unum</strong></span> <span class='ocrx_word' id='word_1_25' title='bbox 1033 1105 1171 1185; x_wconf 77' lang='lat' dir='ltr'><strong>aliquem</strong></span> 
     </span>
     <span class='ocr_line' id='line_1_4' title="bbox 143 1200 1170 1285; baseline 0 -21"><span class='ocrx_word' id='word_1_26' title='bbox 143 1200 227 1264; x_wconf 79' lang='lat' dir='ltr'><strong>tnnc</strong></span> <span class='ocrx_word' id='word_1_27' title='bbox 244 1201 417 1285; x_wconf 81' lang='lat' dir='ltr'><strong>aliquando</strong></span> <span class='ocrx_word' id='word_1_28' title='bbox 437 1203 604 1265; x_wconf 83' lang='lat' dir='ltr'><strong>adversum</strong></span> <span class='ocrx_word' id='word_1_29' title='bbox 634 1215 665 1265; x_wconf 90' lang='lat' dir='ltr'><strong>te</strong></span> <span class='ocrx_word' id='word_1_30' title='bbox 691 1225 751 1284; x_wconf 87' lang='lat' dir='ltr'><strong>pro</strong></span> <span class='ocrx_word' id='word_1_31' title='bbox 770 1204 822 1266; x_wconf 90' lang='lat' dir='ltr'><strong>illo</strong></span> <span class='ocrx_word' id='word_1_32' title='bbox 843 1205 1027 1267; x_wconf 85' lang='lat' dir='ltr'><strong>calumniam</strong></span> <span class='ocrx_word' id='word_1_33' title='bbox 1046 1203 1170 1282; x_wconf 82' lang='lat' dir='ltr'><strong>expeti·</strong></span> 
     </span>
     <span class='ocr_line' id='line_1_5' title="bbox 143 1301 1167 1384; baseline -0.002 -20"><span class='ocrx_word' id='word_1_34' title='bbox 143 1303 274 1364; x_wconf 80' lang='lat' dir='ltr'><strong>turum?</strong></span> <span class='ocrx_word' id='word_1_35' title='bbox 294 1301 346 1365; x_wconf 90' lang='lat' dir='ltr'><strong>Sic</strong></span> <span class='ocrx_word' id='word_1_36' title='bbox 364 1313 445 1383; x_wconf 91' lang='lat' dir='ltr'><strong>puto</strong></span> <span class='ocrx_word' id='word_1_37' title='bbox 466 1312 552 1365; x_wconf 81' lang='lat' dir='ltr'><strong>ratus</strong></span> <span class='ocrx_word' id='word_1_38' title='bbox 572 1319 617 1366; x_wconf 85' lang='lat' dir='ltr'><strong>es.</strong></span> <span class='ocrx_word' id='word_1_39' title='bbox 655 1304 698 1365; x_wconf 83' lang='lat' dir='ltr'><strong>At</strong></span> <span class='ocrx_word' id='word_1_40' title='bbox 717 1320 781 1384; x_wconf 83' lang='lat' dir='ltr'><strong>ego</strong></span> <span class='ocrx_word' id='word_1_41' title='bbox 801 1324 881 1366; x_wconf 83' lang='lat' dir='ltr'><strong>vero</strong></span> <span class='ocrx_word' id='word_1_42' title='bbox 896 1304 970 1365; x_wconf 84' lang='lat' dir='ltr'><strong>fidei</strong></span> <span class='ocrx_word' id='word_1_43' title='bbox 980 1311 1058 1365; x_wconf 75' lang='lat' dir='ltr'><strong>rnen</strong></span> <span class='ocrx_word' id='word_1_44' title='bbox 1070 1305 1167 1377; x_wconf 77' lang='lat' dir='ltr'><strong>(luco,</strong></span> 
     </span>
     <span class='ocr_line' id='line_1_6' title="bbox 143 1399 1169 1466; baseline 0 -2"><span class='ocrx_word' id='word_1_45' title='bbox 143 1399 316 1464; x_wconf 82' lang='lat' dir='ltr'><strong>insimulati</strong></span> <span class='ocrx_word' id='word_1_46' title='bbox 334 1401 389 1464; x_wconf 87' lang='lat' dir='ltr'><strong>abs</strong></span> <span class='ocrx_word' id='word_1_47' title='bbox 420 1413 454 1465; x_wconf 85' lang='lat' dir='ltr'><strong>te</strong></span> <span class='ocrx_word' id='word_1_48' title='bbox 479 1401 560 1465; x_wconf 70' lang='lat' dir='ltr'><strong>fabo</strong></span> <span class='ocrx_word' id='word_1_49' title='bbox 585 1403 716 1466; x_wconf 85' lang='lat' dir='ltr'><strong>crimine</strong></span> <span class='ocrx_word' id='word_1_50' title='bbox 736 1404 827 1465; x_wconf 86' lang='lat' dir='ltr'><strong>amici</strong></span> <span class='ocrx_word' id='word_1_51' title='bbox 847 1423 970 1465; x_wconf 79' lang='lat' dir='ltr'><strong>causam</strong></span> <span class='ocrx_word' id='word_1_52' title='bbox 992 1424 1056 1464; x_wconf 91' lang='lat' dir='ltr'><strong>nou</strong></span> <span class='ocrx_word' id='word_1_53' title='bbox 1077 1403 1169 1464; x_wconf 85' lang='lat' dir='ltr'><strong>dese·</strong></span> 
     </span>
     <span class='ocr_line' id='line_1_7' title="bbox 145 1499 1168 1582; baseline -0.001 -18"><span class='ocrx_word' id='word_1_54' title='bbox 145 1520 229 1564; x_wconf 83' lang='lat' dir='ltr'><strong>rere.</strong></span> <span class='ocrx_word' id='word_1_55' title='bbox 269 1499 367 1564; x_wconf 87' lang='lat' dir='ltr'><strong>Certe</strong></span> <span class='ocrx_word' id='word_1_56' title='bbox 394 1502 477 1564; x_wconf 91' lang='lat' dir='ltr'><strong>enim</strong></span> <span class='ocrx_word' id='word_1_57' title='bbox 508 1503 573 1564; x_wconf 75' lang='lat' dir='ltr'><strong>bec</strong></span> <span class='ocrx_word' id='word_1_58' title='bbox 599 1504 756 1566; x_wconf 86' lang='lat' dir='ltr'><strong>demenda</strong></span> <span class='ocrx_word' id='word_1_59' title='bbox 780 1504 819 1563; x_wconf 84' lang='lat' dir='ltr'><strong>ab</strong></span> <span class='ocrx_word' id='word_1_60' title='bbox 843 1505 896 1564; x_wconf 91' lang='lat' dir='ltr'><strong>illo</strong></span> <span class='ocrx_word' id='word_1_61' title='bbox 916 1502 1088 1582; x_wconf 77' lang='lat' dir='ltr'><strong>ignominia</strong></span> <span class='ocrx_word' id='word_1_62' title='bbox 1109 1514 1168 1576; x_wconf 77' lang='lat' dir='ltr'><strong>est,</strong></span> 
     </span>
     <span class='ocr_line' id='line_1_8' title="bbox 145 1599 1170 1685; baseline 0.001 -23"><span class='ocrx_word' id='word_1_63' title='bbox 145 1599 290 1663; x_wconf 77' lang='lat' dir='ltr'><strong>etiamsi</strong></span> <span class='ocrx_word' id='word_1_64' title='bbox 316 1612 347 1663; x_wconf 90' lang='lat' dir='ltr'><strong>te</strong></span> <span class='ocrx_word' id='word_1_65' title='bbox 365 1602 486 1664; x_wconf 82' lang='lat' dir='ltr'><strong>offendi</strong></span> <span class='ocrx_word' id='word_1_66' title='bbox 511 1604 683 1683; x_wconf 87' lang='lat' dir='ltr'><strong>plurimum</strong></span> <span class='ocrx_word' id='word_1_67' title='bbox 711 1615 866 1685; x_wconf 74' lang='lat' dir='ltr'>oporteat.</span> <span class='ocrx_word' id='word_1_68' title='bbox 919 1604 988 1664; x_wconf 82' lang='lat' dir='ltr'><strong>Nec</strong></span> <span class='ocrx_word' id='word_1_69' title='bbox 1007 1613 1061 1677; x_wconf 88' lang='lat' dir='ltr'><strong>tu,</strong></span> <span class='ocrx_word' id='word_1_70' title='bbox 1087 1600 1170 1669; x_wconf 78' lang='lat' dir='ltr'><strong>siin</strong></span> 
     </span>
     <span class='ocr_line' id='line_1_9' title="bbox 144 1701 1169 1786; baseline 0.003 -24"><span class='ocrx_word' id='word_1_71' title='bbox 144 1701 290 1762; x_wconf 86' lang='lat' dir='ltr'><strong>omnium</strong></span> <span class='ocrx_word' id='word_1_72' title='bbox 306 1702 460 1764; x_wconf 82' lang='lat' dir='ltr'><strong>cordibus</strong></span> <span class='ocrx_word' id='word_1_73' title='bbox 480 1713 576 1786; x_wconf 82' lang='lat' dir='ltr'><strong>atque</strong></span> <span class='ocrx_word' id='word_1_74' title='bbox 595 1702 704 1765; x_wconf 84' lang='lat' dir='ltr'><strong>animis</strong></span> <span class='ocrx_word' id='word_1_75' title='bbox 723 1714 865 1766; x_wconf 85' lang='lat' dir='ltr'><strong>mortuus</strong></span> <span class='ocrx_word' id='word_1_76' title='bbox 885 1714 933 1764; x_wconf 88' lang='lat' dir='ltr'><strong>est</strong></span> <span class='ocrx_word' id='word_1_77' title='bbox 952 1705 1001 1764; x_wconf 88' lang='lat' dir='ltr'><strong>vir</strong></span> <span class='ocrx_word' id='word_1_78' title='bbox 1020 1705 1169 1782; x_wconf 84' lang='lat' dir='ltr'><strong>optimus,</strong></span> 
     </span>
     <span class='ocr_line' id='line_1_10' title="bbox 144 1801 1168 1886; baseline 0.004 -23"><span class='ocrx_word' id='word_1_79' title='bbox 144 1821 167 1863; x_wconf 77' lang='lat' dir='ltr'><strong>a</strong></span> <span class='ocrx_word' id='word_1_80' title='bbox 184 1820 321 1882; x_wconf 60' lang='lat' dir='ltr'><strong>menno</strong></span> <span class='ocrx_word' id='word_1_81' title='bbox 350 1801 472 1865; x_wconf 85' lang='lat' dir='ltr'><strong>tacitam</strong></span> <span class='ocrx_word' id='word_1_82' title='bbox 496 1803 582 1865; x_wconf 78' lang='lat' dir='ltr'><strong>seres</strong></span> <span class='ocrx_word' id='word_1_83' title='bbox 608 1804 802 1886; x_wconf 85' lang='lat' dir='ltr'><strong>iniquitatem</strong></span> <span class='ocrx_word' id='word_1_84' title='bbox 827 1807 915 1865; x_wconf 82' lang='lat' dir='ltr'><strong>hanc.</strong></span> <span class='ocrx_word' id='word_1_85' title='bbox 969 1803 1071 1885; x_wconf 79' lang='lat' dir='ltr'><strong>igitur</strong></span> <span class='ocrx_word' id='word_1_86' title='bbox 1092 1805 1168 1867; x_wconf 89' lang='lat' dir='ltr'><strong>illud</strong></span> 
     </span>
     <span class='ocr_line' id='line_1_11' title="bbox 143 1901 1168 1985; baseline 0 -18"><span class='ocrx_word' id='word_1_87' title='bbox 143 1919 215 1967; x_wconf 81' lang='lat' dir='ltr'><strong>non</strong></span> <span class='ocrx_word' id='word_1_88' title='bbox 233 1901 360 1980; x_wconf 80' lang='lat' dir='ltr'><strong>exigam</strong></span> <span class='ocrx_word' id='word_1_89' title='bbox 380 1914 467 1976; x_wconf 90' lang='lat' dir='ltr'><strong>ate,</strong></span> <span class='ocrx_word' id='word_1_90' title='bbox 488 1904 576 1985; x_wconf 91' lang='lat' dir='ltr'><strong>quod</strong></span> <span class='ocrx_word' id='word_1_91' title='bbox 596 1924 654 1966; x_wconf 86' lang='lat' dir='ltr'><strong>nos</strong></span> <span class='ocrx_word' id='word_1_92' title='bbox 675 1914 818 1983; x_wconf 89' lang='lat' dir='ltr'><strong>putamus</strong></span> <span class='ocrx_word' id='word_1_93' title='bbox 840 1904 951 1965; x_wconf 81' lang='lat' dir='ltr'><strong>deberi</strong></span> <span class='ocrx_word' id='word_1_94' title='bbox 963 1905 1069 1967; x_wconf 84' lang='lat' dir='ltr'><strong>amicis</strong></span> <span class='ocrx_word' id='word_1_95' title='bbox 1089 1905 1168 1967; x_wconf 87' lang='lat' dir='ltr'><strong>invi·</strong></span> 
     </span>
     <span class='ocr_line' id='line_1_12' title="bbox 142 2003 1168 2083; baseline 0.001 -17"><span class='ocrx_word' id='word_1_96' title='bbox 142 2023 234 2080; x_wconf 78' lang='lat' dir='ltr'><strong>cem,</strong></span> <span class='ocrx_word' id='word_1_97' title='bbox 255 2014 292 2065; x_wconf 82' lang='lat' dir='ltr'><strong>ut</strong></span> <span class='ocrx_word' id='word_1_98' title='bbox 311 2003 339 2064; x_wconf 88' lang='lat' dir='ltr'><strong>si</strong></span> <span class='ocrx_word' id='word_1_99' title='bbox 360 2004 553 2067; x_wconf 65' lang='lat' dir='ltr'><strong>constitisset</strong></span> <span class='ocrx_word' id='word_1_100' title='bbox 571 2007 634 2067; x_wconf 89' lang='lat' dir='ltr'><strong>hoc</strong></span> <span class='ocrx_word' id='word_1_101' title='bbox 654 2004 711 2065; x_wconf 90' lang='lat' dir='ltr'><strong>tibi</strong></span> <span class='ocrx_word' id='word_1_102' title='bbox 731 2004 771 2064; x_wconf 87' lang='lat' dir='ltr'><strong>de</strong></span> <span class='ocrx_word' id='word_1_103' title='bbox 792 2004 976 2083; x_wconf 89' lang='lat' dir='ltr'><strong>Capnione,</strong></span> <span class='ocrx_word' id='word_1_104' title='bbox 1005 2028 1070 2067; x_wconf 92' lang='lat' dir='ltr'><strong>non</strong></span> <span class='ocrx_word' id='word_1_105' title='bbox 1091 2006 1168 2067; x_wconf 86' lang='lat' dir='ltr'><strong>levi·</strong></span> 
     </span>
     <span class='ocr_line' id='line_1_13' title="bbox 70 2102 1165 2185; baseline 0 -18"><span class='ocrx_word' id='word_1_106' title='bbox 70 2123 73 2127; x_wconf 82' lang='lat'>·</span> <span class='ocrx_word' id='word_1_107' title='bbox 143 2103 205 2167; x_wconf 75' lang='lat' dir='ltr'><strong>bars</strong></span> <span class='ocrx_word' id='word_1_108' title='bbox 235 2102 329 2166; x_wconf 83' lang='lat' dir='ltr'><strong>etiam</strong></span> <span class='ocrx_word' id='word_1_109' title='bbox 366 2104 549 2182; x_wconf 86' lang='lat' dir='ltr'><strong>autoribus,</strong></span> <span class='ocrx_word' id='word_1_110' title='bbox 589 2106 737 2167; x_wconf 77' lang='lat' dir='ltr'><strong>debuisse</strong></span> <span class='ocrx_word' id='word_1_111' title='bbox 776 2116 880 2165; x_wconf 86' lang='lat' dir='ltr'><strong>tamen</strong></span> <span class='ocrx_word' id='word_1_112' title='bbox 906 2106 957 2185; x_wconf 90' lang='lat' dir='ltr'><strong>pia</strong></span> <span class='ocrx_word' id='word_1_113' title='bbox 988 2107 1165 2182; x_wconf 75' lang='lat' dir='ltr'><strong>affectione,</strong></span> 
     </span>
     <span class='ocr_line' id='line_1_14' title="bbox 143 2202 1166 2288; baseline 0.004 -23"><span class='ocrx_word' id='word_1_114' title='bbox 143 2202 299 2287; x_wconf 69' lang='lat' dir='ltr'><strong>ipuantum</strong></span> <span class='ocrx_word' id='word_1_115' title='bbox 325 2204 484 2284; x_wconf 86' lang='lat' dir='ltr'><strong>potuisses</strong></span> <span class='ocrx_word' id='word_1_116' title='bbox 512 2216 642 2285; x_wconf 87' lang='lat' dir='ltr'><strong>tegere,</strong></span> <span class='ocrx_word' id='word_1_117' title='bbox 673 2227 734 2267; x_wconf 90' lang='lat' dir='ltr'><strong>nec</strong></span> <span class='ocrx_word' id='word_1_118' title='bbox 762 2205 829 2283; x_wconf 82' lang='lat' dir='ltr'><strong>ipse</strong></span> <span class='ocrx_word' id='word_1_119' title='bbox 848 2207 950 2267; x_wconf 88' lang='lat' dir='ltr'><strong>statim</strong></span> <span class='ocrx_word' id='word_1_120' title='bbox 978 2206 1020 2267; x_wconf 86' lang='lat' dir='ltr'><strong>ita</strong></span> <span class='ocrx_word' id='word_1_121' title='bbox 1048 2227 1166 2288; x_wconf 78' lang='lat' dir='ltr'><strong>augere</strong></span> 
     </span>
     <span class='ocr_line' id='line_1_15' title="bbox 143 2304 1167 2390; baseline 0.003 -25"><span class='ocrx_word' id='word_1_122' title='bbox 143 2304 274 2380; x_wconf 70' lang='lat' dir='ltr'><strong>famam,</strong></span> <span class='ocrx_word' id='word_1_123' title='bbox 308 2316 344 2365; x_wconf 91' lang='lat' dir='ltr'><strong>nt</strong></span> <span class='ocrx_word' id='word_1_124' title='bbox 370 2306 402 2366; x_wconf 89' lang='lat' dir='ltr'><strong>in</strong></span> <span class='ocrx_word' id='word_1_125' title='bbox 430 2305 534 2369; x_wconf 79' lang='lat' dir='ltr'><strong>literas</strong></span> <span class='ocrx_word' id='word_1_126' title='bbox 555 2327 686 2390; x_wconf 86' lang='lat' dir='ltr'><strong>quoque</strong></span> <span class='ocrx_word' id='word_1_127' title='bbox 707 2307 855 2368; x_wconf 83' lang='lat' dir='ltr'><strong>rel&#39;erres.</strong></span> <span class='ocrx_word' id='word_1_128' title='bbox 900 2307 998 2380; x_wconf 89' lang='lat' dir='ltr'><strong>lllud,</strong></span> <span class='ocrx_word' id='word_1_129' title='bbox 1029 2307 1167 2389; x_wconf 85' lang='lat' dir='ltr'><strong>inquam,</strong></span> 
     </span>
     <span class='ocr_line' id='line_1_16' title="bbox 142 2404 1167 2489; baseline 0.001 -23"><span class='ocrx_word' id='word_1_130' title='bbox 142 2415 212 2466; x_wconf 86' lang='lat' dir='ltr'><strong>non</strong></span> <span class='ocrx_word' id='word_1_131' title='bbox 230 2404 418 2483; x_wconf 88' lang='lat' dir='ltr'><strong>postulabo,</strong></span> <span class='ocrx_word' id='word_1_132' title='bbox 440 2407 699 2489; x_wconf 83' lang='lat' dir='ltr'><strong>quandoquidem</strong></span> <span class='ocrx_word' id='word_1_133' title='bbox 719 2406 814 2468; x_wconf 71' lang='lat' dir='ltr'><strong>video</strong></span> <span class='ocrx_word' id='word_1_134' title='bbox 836 2408 1032 2468; x_wconf 85' lang='lat' dir='ltr'><strong>humanitatis</strong></span> <span class='ocrx_word' id='word_1_135' title='bbox 1053 2419 1084 2469; x_wconf 87' lang='lat' dir='ltr'><strong>te</strong></span> <span class='ocrx_word' id='word_1_136' title='bbox 1104 2430 1167 2469; x_wconf 84' lang='lat' dir='ltr'><strong>nm·</strong></span> 
     </span>
     <span class='ocr_line' id='line_1_17' title="bbox 143 2505 1169 2588; baseline 0.003 -22"><span class='ocrx_word' id='word_1_137' title='bbox 143 2505 214 2586; x_wconf 74' lang='lat' dir='ltr'><strong>gis,</strong></span> <span class='ocrx_word' id='word_1_138' title='bbox 237 2525 331 2588; x_wconf 86' lang='lat' dir='ltr'><strong>quam</strong></span> <span class='ocrx_word' id='word_1_139' title='bbox 356 2507 448 2569; x_wconf 82' lang='lat' dir='ltr'><strong>ullius</strong></span> <span class='ocrx_word' id='word_1_140' title='bbox 475 2519 547 2568; x_wconf 87' lang='lat' dir='ltr'><strong>ante</strong></span> <span class='ocrx_word' id='word_1_141' title='bbox 573 2509 630 2569; x_wconf 89' lang='lat' dir='ltr'><strong>bac</strong></span> <span class='ocrx_word' id='word_1_142' title='bbox 650 2510 728 2570; x_wconf 78' lang='lat' dir='ltr'><strong>liiles</strong></span> <span class='ocrx_word' id='word_1_143' title='bbox 746 2507 864 2587; x_wconf 82' lang='lat' dir='ltr'><strong>coepit,</strong></span> <span class='ocrx_word' id='word_1_144' title='bbox 882 2518 1061 2587; x_wconf 75' lang='lat' dir='ltr'><strong>expertem·</strong></span> <span class='ocrx_word' id='word_1_145' title='bbox 1095 2510 1169 2569; x_wconf 89' lang='lat' dir='ltr'><strong>Hoc</strong></span> 
     </span>
     <span class='ocr_line' id='line_1_18' title="bbox 144 2606 1167 2692; baseline 0.001 -23"><span class='ocrx_word' id='word_1_146' title='bbox 144 2606 305 2686; x_wconf 83' lang='lat' dir='ltr'><strong>responde</strong></span> <span class='ocrx_word' id='word_1_147' title='bbox 333 2608 426 2684; x_wconf 88' lang='lat' dir='ltr'><strong>mibi,</strong></span> <span class='ocrx_word' id='word_1_148' title='bbox 459 2608 548 2692; x_wconf 91' lang='lat' dir='ltr'><strong>quod</strong></span> <span class='ocrx_word' id='word_1_149' title='bbox 566 2608 606 2669; x_wconf 88' lang='lat' dir='ltr'><strong>ab</strong></span> <span class='ocrx_word' id='word_1_150' title='bbox 633 2608 793 2683; x_wconf 87' lang='lat' dir='ltr'><strong>omuibus,</strong></span> <span class='ocrx_word' id='word_1_151' title='bbox 822 2608 877 2690; x_wconf 90' lang='lat' dir='ltr'><strong>qui</strong></span> <span class='ocrx_word' id='word_1_152' title='bbox 904 2620 1051 2670; x_wconf 81' lang='lat' dir='ltr'><strong>accusant</strong></span> <span class='ocrx_word' id='word_1_153' title='bbox 1079 2611 1167 2684; x_wconf 86' lang='lat' dir='ltr'><strong>alios,</strong></span> 
     </span>
     <span class='ocr_line' id='line_1_19' title="bbox 144 2701 1166 2789; baseline 0.003 -21"><span class='ocrx_word' id='word_1_154' title='bbox 144 2701 285 2789; x_wconf 70' lang='lat' dir='ltr'><strong>&#39;exigitur</strong></span> <span class='ocrx_word' id='word_1_155' title='bbox 304 2704 503 2787; x_wconf 81' lang='lat' dir='ltr'><strong>necessario,</strong></span> <span class='ocrx_word' id='word_1_156' title='bbox 525 2731 598 2773; x_wconf 90' lang='lat' dir='ltr'><strong>cum</strong></span> <span class='ocrx_word' id='word_1_157' title='bbox 616 2720 734 2770; x_wconf 78' lang='lat' dir='ltr'><strong>tantum</strong></span> <span class='ocrx_word' id='word_1_158' title='bbox 749 2709 789 2771; x_wconf 91' lang='lat' dir='ltr'><strong>de</strong></span> <span class='ocrx_word' id='word_1_159' title='bbox 802 2708 855 2769; x_wconf 93' lang='lat' dir='ltr'><strong>illo</strong></span> <span class='ocrx_word' id='word_1_160' title='bbox 871 2710 998 2770; x_wconf 90' lang='lat' dir='ltr'><strong>bomine</strong></span> <span class='ocrx_word' id='word_1_161' title='bbox 1016 2711 1166 2784; x_wconf 84' lang='lat' dir='ltr'><strong>dedecus,</strong></span> 
     </span>
     <span class='ocr_line' id='line_1_20' title="bbox 143 2810 1168 2885; baseline 0.001 -15"><span class='ocrx_word' id='word_1_162' title='bbox 143 2810 241 2870; x_wconf 81' lang='lat' dir='ltr'><strong>velles</strong></span> <span class='ocrx_word' id='word_1_163' title='bbox 254 2827 321 2872; x_wconf 91' lang='lat' dir='ltr'><strong>non</strong></span> <span class='ocrx_word' id='word_1_164' title='bbox 334 2812 481 2873; x_wconf 83' lang='lat' dir='ltr'><strong>sermone</strong></span> <span class='ocrx_word' id='word_1_165' title='bbox 494 2821 615 2872; x_wconf 86' lang='lat' dir='ltr'><strong>tantum</strong></span> <span class='ocrx_word' id='word_1_166' title='bbox 626 2831 749 2885; x_wconf 87' lang='lat' dir='ltr'><strong>serere,</strong></span> <span class='ocrx_word' id='word_1_167' title='bbox 770 2812 827 2872; x_wconf 87' lang='lat' dir='ltr'><strong>sed</strong></span> <span class='ocrx_word' id='word_1_168' title='bbox 840 2811 931 2873; x_wconf 85' lang='lat' dir='ltr'><strong>editis·</strong></span> <span class='ocrx_word' id='word_1_169' title='bbox 946 2811 1041 2871; x_wconf 89' lang='lat' dir='ltr'><strong>etiam</strong></span> <span class='ocrx_word' id='word_1_170' title='bbox 1053 2832 1168 2872; x_wconf 87' lang='lat' dir='ltr'><strong>monu-</strong></span> 
     </span>
     <span class='ocr_line' id='line_1_21' title="bbox 143 2909 1166 2993; baseline 0.001 -22"><span class='ocrx_word' id='word_1_171' title='bbox 143 2909 256 2972; x_wconf 79' lang='lat' dir='ltr'><strong>mentis</strong></span> <span class='ocrx_word' id='word_1_172' title='bbox 276 2911 317 2972; x_wconf 81' lang='lat' dir='ltr'><strong>ad</strong></span> <span class='ocrx_word' id='word_1_173' title='bbox 336 2911 528 2993; x_wconf 77' lang='lat' dir='ltr'><strong>posteritatis</strong></span> <span class='ocrx_word' id='word_1_174' title='bbox 548 2914 690 2975; x_wconf 84' lang='lat' dir='ltr'><strong>notitiam</strong></span> <span class='ocrx_word' id='word_1_175' title='bbox 703 2912 852 2985; x_wconf 78' lang='lat' dir='ltr'><strong>deferre,</strong></span> <span class='ocrx_word' id='word_1_176' title='bbox 879 2929 937 2971; x_wconf 87' lang='lat' dir='ltr'><strong>cur</strong></span> <span class='ocrx_word' id='word_1_177' title='bbox 959 2928 1027 2971; x_wconf 89' lang='lat' dir='ltr'><strong>non</strong></span> <span class='ocrx_word' id='word_1_178' title='bbox 1046 2911 1166 2972; x_wconf 88' lang='lat' dir='ltr'><strong>adhibi·</strong></span> 
     </span>
     <span class='ocr_line' id='line_1_22' title="bbox 141 3008 1165 3092; baseline -0.001 -19"><span class='ocrx_word' id='word_1_179' title='bbox 141 3011 182 3074; x_wconf 86' lang='lat' dir='ltr'><strong>tis</strong></span> <span class='ocrx_word' id='word_1_180' title='bbox 200 3008 241 3075; x_wconf 85' lang='lat' dir='ltr'><strong>eo</strong></span> <span class='ocrx_word' id='word_1_181' title='bbox 259 3014 447 3076; x_wconf 81' lang='lat' dir='ltr'><strong>testimoniis</strong></span> <span class='ocrx_word' id='word_1_182' title='bbox 466 3024 543 3076; x_wconf 79' lang='lat' dir='ltr'><strong>nsua</strong></span> <span class='ocrx_word' id='word_1_183' title='bbox 564 3013 630 3077; x_wconf 87' lang='lat' dir='ltr'><strong>sis?</strong></span> <span class='ocrx_word' id='word_1_184' title='bbox 663 3015 778 3075; x_wconf 86' lang='lat' dir='ltr'><strong>Nonne</strong></span> <span class='ocrx_word' id='word_1_185' title='bbox 811 3011 946 3074; x_wconf 84' lang='lat' dir='ltr'><strong>alienum</strong></span> <span class='ocrx_word' id='word_1_186' title='bbox 975 3012 1165 3092; x_wconf 76' lang='lat' dir='ltr'><strong>quempiam,</strong></span> 
     </span>
     <span class='ocr_line' id='line_1_23' title="bbox 143 3111 1167 3198; baseline 0 -26"><span class='ocrx_word' id='word_1_187' title='bbox 143 3122 197 3173; x_wconf 80' lang='lat' dir='ltr'><strong>snt</strong></span> <span class='ocrx_word' id='word_1_188' title='bbox 216 3111 385 3176; x_wconf 86' lang='lat' dir='ltr'><strong>inimicum&#39;</strong></span> <span class='ocrx_word' id='word_1_189' title='bbox 395 3134 545 3198; x_wconf 84' lang='lat' dir='ltr'><strong>quoque,</strong></span> <span class='ocrx_word' id='word_1_190' title='bbox 574 3133 669 3176; x_wconf 88' lang='lat' dir='ltr'><strong>nemo</strong></span> <span class='ocrx_word' id='word_1_191' title='bbox 699 3124 859 3193; x_wconf 86' lang='lat' dir='ltr'><strong>pateretur</strong></span> <span class='ocrx_word' id='word_1_192' title='bbox 881 3112 949 3172; x_wconf 88' lang='lat' dir='ltr'><strong>sine</strong></span> <span class='ocrx_word' id='word_1_193' title='bbox 969 3112 1100 3172; x_wconf 86' lang='lat' dir='ltr'><strong>testibus</strong></span> <span class='ocrx_word' id='word_1_194' title='bbox 1120 3114 1167 3174; x_wconf 84' lang='lat' dir='ltr'><strong>sic</strong></span> 
     </span>
     <span class='ocr_line' id='line_1_24' title="bbox 143 3211 1167 3296; baseline -0.002 -20"><span class='ocrx_word' id='word_1_195' title='bbox 143 3211 198 3276; x_wconf 65' lang='lat' dir='ltr'><strong>ebs</strong></span> <span class='ocrx_word' id='word_1_196' title='bbox 231 3223 264 3275; x_wconf 91' lang='lat' dir='ltr'><strong>te</strong></span> <span class='ocrx_word' id='word_1_197' title='bbox 294 3214 442 3277; x_wconf 76' lang='lat' dir='ltr'><strong>traduci?</strong></span> <span class='ocrx_word' id='word_1_198' title='bbox 471 3224 591 3296; x_wconf 83' lang='lat' dir='ltr'><strong>qnanto</strong></span> <span class='ocrx_word' id='word_1_199' title='bbox 621 3214 720 3295; x_wconf 84' lang='lat' dir='ltr'><strong>magis</strong></span> <span class='ocrx_word' id='word_1_200' title='bbox 750 3213 921 3273; x_wconf 87' lang='lat' dir='ltr'><strong>videndum</strong></span> <span class='ocrx_word' id='word_1_201' title='bbox 952 3211 1010 3274; x_wconf 83' lang='lat' dir='ltr'><strong>tibi</strong></span> <span class='ocrx_word' id='word_1_202' title='bbox 1036 3224 1105 3273; x_wconf 87' lang='lat' dir='ltr'><strong>erat</strong></span> <span class='ocrx_word' id='word_1_203' title='bbox 1134 3213 1167 3274; x_wconf 91' lang='lat' dir='ltr'><strong>in</strong></span> 
     </span>
     <span class='ocr_line' id='line_1_25' title="bbox 143 3312 1168 3398; baseline -0.001 -22"><span class='ocrx_word' id='word_1_204' title='bbox 143 3312 262 3389; x_wconf 59' lang='lat' dir='ltr'><strong>emico,</strong></span> <span class='ocrx_word' id='word_1_205' title='bbox 283 3325 319 3375; x_wconf 91' lang='lat' dir='ltr'><strong>ut</strong></span> <span class='ocrx_word' id='word_1_206' title='bbox 338 3315 472 3377; x_wconf 85' lang='lat' dir='ltr'><strong>haberes</strong></span> <span class='ocrx_word' id='word_1_207' title='bbox 491 3315 570 3394; x_wconf 78' lang='lat' dir='ltr'><strong>juris</strong></span> <span class='ocrx_word' id='word_1_208' title='bbox 595 3326 628 3375; x_wconf 93' lang='lat' dir='ltr'><strong>et</strong></span> <span class='ocrx_word' id='word_1_209' title='bbox 647 3314 799 3398; x_wconf 78' lang='lat' dir='ltr'><strong>aequitatis</strong></span> <span class='ocrx_word' id='word_1_210' title='bbox 826 3312 992 3374; x_wconf 87' lang='lat' dir='ltr'><strong>rationem.</strong></span> <span class='ocrx_word' id='word_1_211' title='bbox 1031 3314 1168 3393; x_wconf 79' lang='lat' dir='ltr'><strong>Quidam</strong></span> 
     </span>
     <span class='ocr_line' id='line_1_26' title="bbox 142 3411 1166 3500; baseline -0.002 -22"><span class='ocrx_word' id='word_1_212' title='bbox 142 3428 272 3478; x_wconf 79' lang='lat' dir='ltr'><strong>narrant</strong></span> <span class='ocrx_word' id='word_1_213' title='bbox 292 3417 370 3491; x_wconf 91' lang='lat' dir='ltr'><strong>boc,</strong></span> <span class='ocrx_word' id='word_1_214' title='bbox 400 3436 483 3500; x_wconf 85' lang='lat' dir='ltr'><strong>quos</strong></span> <span class='ocrx_word' id='word_1_215' title='bbox 503 3417 545 3476; x_wconf 86' lang='lat' dir='ltr'><strong>ita</strong></span> <span class='ocrx_word' id='word_1_216' title='bbox 564 3436 679 3497; x_wconf 77' lang='lat' dir='ltr'><strong>graves</strong></span> <span class='ocrx_word' id='word_1_217' title='bbox 698 3426 826 3476; x_wconf 85' lang='lat' dir='ltr'><strong>autores</strong></span> <span class='ocrx_word' id='word_1_218' title='bbox 844 3415 959 3488; x_wconf 86' lang='lat' dir='ltr'><strong>habes,</strong></span> <span class='ocrx_word' id='word_1_219' title='bbox 993 3425 1027 3474; x_wconf 91' lang='lat' dir='ltr'><strong>ut</strong></span> <span class='ocrx_word' id='word_1_220' title='bbox 1046 3411 1166 3476; x_wconf 87' lang='lat' dir='ltr'><strong>scribas</strong></span> 
     </span>
     <span class='ocr_line' id='line_1_27' title="bbox 142 3508 1199 3598; baseline -0.006 -17"><span class='ocrx_word' id='word_1_221' title='bbox 142 3516 267 3581; x_wconf 78' lang='lat' dir='ltr'><strong>nvem</strong></span> <span class='ocrx_word' id='word_1_222' title='bbox 285 3527 423 3579; x_wconf 84' lang='lat' dir='ltr'><strong>narrant.</strong></span> <span class='ocrx_word' id='word_1_223' title='bbox 473 3515 506 3578; x_wconf 87' lang='lat' dir='ltr'><strong>si</strong></span> <span class='ocrx_word' id='word_1_224' title='bbox 538 3515 693 3578; x_wconf 87' lang='lat' dir='ltr'><strong>incertum</strong></span> <span class='ocrx_word' id='word_1_225' title='bbox 713 3514 811 3598; x_wconf 85' lang='lat' dir='ltr'><strong>igitur</strong></span> <span class='ocrx_word' id='word_1_226' title='bbox 835 3515 893 3576; x_wconf 87' lang='lat' dir='ltr'><strong>tibi</strong></span> <span class='ocrx_word' id='word_1_227' title='bbox 919 3524 982 3590; x_wconf 74' lang='lat' dir='ltr'><strong>est,</strong></span> <span class='ocrx_word' id='word_1_228' title='bbox 1019 3537 1058 3575; x_wconf 92' lang='lat' dir='ltr'><strong>an</strong></span> <span class='ocrx_word' id='word_1_229' title='bbox 1089 3535 1167 3576; x_wconf 86' lang='lat' dir='ltr'><strong>vera</strong></span> <span class='ocrx_word' id='word_1_230' title='bbox 1195 3508 1199 3514; x_wconf 71' lang='grc'><strong>’</strong></span> 
     </span>
     <span class='ocr_line' id='line_1_28' title="bbox 140 3615 1166 3695; baseline -0.006 -13"><span class='ocrx_word' id='word_1_231' title='bbox 140 3628 288 3695; x_wconf 69' lang='lat' dir='ltr'><strong>nument,</strong></span> <span class='ocrx_word' id='word_1_232' title='bbox 314 3639 387 3682; x_wconf 90' lang='lat' dir='ltr'><strong>cum</strong></span> <span class='ocrx_word' id='word_1_233' title='bbox 406 3616 595 3681; x_wconf 80' lang='lat' dir='ltr'><strong>existimatio</strong></span> <span class='ocrx_word' id='word_1_234' title='bbox 618 3616 768 3691; x_wconf 90' lang='lat' dir='ltr'><strong>bominis,</strong></span> <span class='ocrx_word' id='word_1_235' title='bbox 803 3626 835 3675; x_wconf 90' lang='lat' dir='ltr'><strong>et</strong></span> <span class='ocrx_word' id='word_1_236' title='bbox 853 3636 973 3676; x_wconf 87' lang='lat' dir='ltr'><strong>summa</strong></span> <span class='ocrx_word' id='word_1_237' title='bbox 992 3615 1063 3675; x_wconf 74' lang='lat' dir='ltr'><strong>vitm</strong></span> <span class='ocrx_word' id='word_1_238' title='bbox 1083 3615 1166 3676; x_wconf 88' lang='lat' dir='ltr'><strong>ratio</strong></span> 
     </span>
     <span class='ocr_line' id='line_1_29' title="bbox 142 3716 1170 3802; baseline -0.007 -18"><span class='ocrx_word' id='word_1_239' title='bbox 142 3731 269 3802; x_wconf 70' lang='lat' dir='ltr'><strong>egotam,</strong></span> <span class='ocrx_word' id='word_1_240' title='bbox 284 3728 346 3783; x_wconf 76' lang='lat' dir='ltr'><strong>‘cur</strong></span> <span class='ocrx_word' id='word_1_241' title='bbox 366 3731 428 3782; x_wconf 89' lang='lat' dir='ltr'><strong>tam</strong></span> <span class='ocrx_word' id='word_1_242' title='bbox 447 3721 582 3782; x_wconf 74' lang='lat' dir='ltr'><strong>fidenter</strong></span> <span class='ocrx_word' id='word_1_243' title='bbox 595 3719 664 3799; x_wconf 85' lang='lat' dir='ltr'><strong>ipse</strong></span> <span class='ocrx_word' id='word_1_244' title='bbox 679 3717 847 3800; x_wconf 85' lang='lat' dir='ltr'><strong>divulgas?</strong></span> <span class='ocrx_word' id='word_1_245' title='bbox 869 3716 965 3778; x_wconf 89' lang='lat' dir='ltr'><strong>Certe</strong></span> <span class='ocrx_word' id='word_1_246' title='bbox 977 3716 1004 3777; x_wconf 89' lang='lat' dir='ltr'><strong>si</strong></span> <span class='ocrx_word' id='word_1_247' title='bbox 1024 3718 1170 3778; x_wconf 86' lang='lat' dir='ltr'><strong>haustum</strong></span> 
     </span>
     <span class='ocr_line' id='line_1_30' title="bbox 143 3817 1170 3899; baseline -0.006 -15"><span class='ocrx_word' id='word_1_248' title='bbox 143 3830 186 3884; x_wconf 70' lang='lat' dir='ltr'><strong>ex</strong></span> <span class='ocrx_word' id='word_1_249' title='bbox 205 3841 290 3882; x_wconf 85' lang='lat' dir='ltr'><strong>vano</strong></span> <span class='ocrx_word' id='word_1_250' title='bbox 309 3821 366 3882; x_wconf 91' lang='lat' dir='ltr'><strong>tibi</strong></span> <span class='ocrx_word' id='word_1_251' title='bbox 385 3831 451 3895; x_wconf 90' lang='lat' dir='ltr'><strong>est,</strong></span> <span class='ocrx_word' id='word_1_252' title='bbox 472 3840 538 3881; x_wconf 90' lang='lat' dir='ltr'><strong>non</strong></span> <span class='ocrx_word' id='word_1_253' title='bbox 557 3820 656 3881; x_wconf 85' lang='lat' dir='ltr'><strong>debes</strong></span> <span class='ocrx_word' id='word_1_254' title='bbox 667 3818 706 3879; x_wconf 91' lang='lat' dir='ltr'><strong>ab</strong></span> <span class='ocrx_word' id='word_1_255' title='bbox 726 3819 844 3879; x_wconf 87' lang='lat' dir='ltr'><strong>incerta</strong></span> <span class='ocrx_word' id='word_1_256' title='bbox 863 3817 944 3877; x_wconf 83' lang='lat' dir='ltr'><strong>lama</strong></span> <span class='ocrx_word' id='word_1_257' title='bbox 963 3817 1170 3899; x_wconf 85' lang='lat' dir='ltr'><strong>ignominiam</strong></span> 
     </span>
     <span class='ocr_line' id='line_1_31' title="bbox 141 3918 1172 4012; baseline -0.003 -29"><span class='ocrx_word' id='word_1_258' title='bbox 141 3924 175 3983; x_wconf 76' lang='lat' dir='ltr'><strong>et</strong></span> <span class='ocrx_word' id='word_1_259' title='bbox 192 3921 332 3984; x_wconf 85' lang='lat' dir='ltr'><strong>dedecus</strong></span> <span class='ocrx_word' id='word_1_260' title='bbox 353 3922 454 3983; x_wconf 85' lang='lat' dir='ltr'><strong>amico</strong></span> <span class='ocrx_word' id='word_1_261' title='bbox 474 3942 661 4002; x_wconf 81' lang='lat' dir='ltr'><strong>propagare.</strong></span> <span class='ocrx_word' id='word_1_262' title='bbox 691 3920 762 4012; x_wconf 78' lang='lat' dir='ltr'><strong>Jmn¹</strong></span> <span class='ocrx_word' id='word_1_263' title='bbox 778 3919 807 3981; x_wconf 88' lang='lat' dir='ltr'><strong>si</strong></span> <span class='ocrx_word' id='word_1_264' title='bbox 824 3918 906 3980; x_wconf 89' lang='lat' dir='ltr'><strong>illius</strong></span> <span class='ocrx_word' id='word_1_265' title='bbox 927 3918 1043 3980; x_wconf 89' lang='lat' dir='ltr'><strong>inimici</strong></span> <span class='ocrx_word' id='word_1_266' title='bbox 1062 3938 1172 3980; x_wconf 85' lang='lat' dir='ltr'><strong>narra·</strong></span> 
     </span>
     <span class='ocr_line' id='line_1_32' title="bbox 140 4020 1169 4099; baseline -0.003 -17"><span class='ocrx_word' id='word_1_267' title='bbox 140 4033 272 4098; x_wconf 81' lang='lat' dir='ltr'><strong>verunt,</strong></span> <span class='ocrx_word' id='word_1_268' title='bbox 298 4023 425 4085; x_wconf 90' lang='lat' dir='ltr'><strong>minime</strong></span> <span class='ocrx_word' id='word_1_269' title='bbox 453 4023 599 4084; x_wconf 86' lang='lat' dir='ltr'><strong>standum</strong></span> <span class='ocrx_word' id='word_1_270' title='bbox 617 4022 705 4082; x_wconf 76' lang='lat' dir='ltr'><strong>iamne</strong></span> <span class='ocrx_word' id='word_1_271' title='bbox 725 4020 801 4096; x_wconf 78' lang='lat' dir='ltr'><strong>suit,</strong></span> <span class='ocrx_word' id='word_1_272' title='bbox 837 4020 895 4082; x_wconf 87' lang='lat' dir='ltr'><strong>sed</strong></span> <span class='ocrx_word' id='word_1_273' title='bbox 922 4020 1064 4080; x_wconf 83' lang='lat' dir='ltr'><strong>habenda</strong></span> <span class='ocrx_word' id='word_1_274' title='bbox 1095 4040 1169 4099; x_wconf 87' lang='lat' dir='ltr'><strong>per·</strong></span> 
     </span>
     <span class='ocr_line' id='line_1_33' title="bbox 139 4121 1168 4203; baseline 0 -21"><span class='ocrx_word' id='word_1_275' title='bbox 139 4121 282 4185; x_wconf 87' lang='lat' dir='ltr'><strong>tinaciter</strong></span> <span class='ocrx_word' id='word_1_276' title='bbox 302 4124 377 4186; x_wconf 88' lang='lat' dir='ltr'><strong>tidei</strong></span> <span class='ocrx_word' id='word_1_277' title='bbox 396 4124 572 4185; x_wconf 83' lang='lat' dir='ltr'><strong>delatorum</strong></span> <span class='ocrx_word' id='word_1_278' title='bbox 594 4121 745 4203; x_wconf 89' lang='lat' dir='ltr'><strong>suspicio.</strong></span> <span class='ocrx_word' id='word_1_279' title='bbox 786 4122 871 4200; x_wconf 90' lang='lat' dir='ltr'><strong>Opto</strong></span> <span class='ocrx_word' id='word_1_280' title='bbox 893 4121 977 4181; x_wconf 88' lang='lat' dir='ltr'><strong>enim</strong></span> <span class='ocrx_word' id='word_1_281' title='bbox 998 4142 1064 4181; x_wconf 89' lang='lat' dir='ltr'><strong>non</strong></span> <span class='ocrx_word' id='word_1_282' title='bbox 1084 4142 1168 4196; x_wconf 88' lang='lat' dir='ltr'><strong>esse,</strong></span> 
     </span>
     <span class='ocr_line' id='line_1_34' title="bbox 139 4210 1171 4307; baseline -0.004 -21"><span class='ocrx_word' id='word_1_283' title='bbox 139 4224 229 4307; x_wconf 87' lang='lat' dir='ltr'><strong>quod</strong></span> <span class='ocrx_word' id='word_1_284' title='bbox 249 4224 404 4287; x_wconf 81' lang='lat' dir='ltr'><strong>obstinate</strong></span> <span class='ocrx_word' id='word_1_285' title='bbox 428 4225 556 4307; x_wconf 85' lang='lat' dir='ltr'><strong>quidam</strong></span> <span class='ocrx_word' id='word_1_286' title='bbox 575 4225 723 4297; x_wconf 83' lang='lat' dir='ltr'><strong>credunt,</strong></span> <span class='ocrx_word' id='word_1_287' title='bbox 757 4242 862 4301; x_wconf 81' lang='lat' dir='ltr'><strong>neque</strong></span> <span class='ocrx_word' id='word_1_288' title='bbox 890 4210 1025 4298; x_wconf 80' lang='lat' dir='ltr'><strong>dictum,</strong></span> <span class='ocrx_word' id='word_1_289' title='bbox 1060 4242 1171 4304; x_wconf 87' lang='lat' dir='ltr'><strong>neque</strong></span> 
     </span>
     <span class='ocr_line' id='line_1_35' title="bbox 138 4324 1169 4409; baseline 0.002 -23"><span class='ocrx_word' id='word_1_290' title='bbox 138 4325 307 4405; x_wconf 88' lang='lat' dir='ltr'><strong>s‘criptum,</strong></span> <span class='ocrx_word' id='word_1_291' title='bbox 338 4346 445 4409; x_wconf 91' lang='lat' dir='ltr'><strong>neque</strong></span> <span class='ocrx_word' id='word_1_292' title='bbox 474 4326 635 4398; x_wconf 85' lang='lat' dir='ltr'><strong>auditum,</strong></span> <span class='ocrx_word' id='word_1_293' title='bbox 671 4344 777 4406; x_wconf 82' lang='lat' dir='ltr'><strong>neque</strong></span> <span class='ocrx_word' id='word_1_294' title='bbox 807 4324 998 4385; x_wconf 88' lang='lat' dir='ltr'><strong>intellectum</strong></span> <span class='ocrx_word' id='word_1_295' title='bbox 1027 4325 1067 4385; x_wconf 90' lang='lat' dir='ltr'><strong>ab</strong></span> <span class='ocrx_word' id='word_1_296' title='bbox 1099 4326 1169 4388; x_wconf 90' lang='lat' dir='ltr'><strong>aliis</strong></span> 
     </span>
     <span class='ocr_line' id='line_1_36' title="bbox 136 4420 1170 4507; baseline -0.001 -17"><span class='ocrx_word' id='word_1_297' title='bbox 136 4427 199 4490; x_wconf 89' lang='lat' dir='ltr'><strong>boc</strong></span> <span class='ocrx_word' id='word_1_298' title='bbox 217 4427 291 4507; x_wconf 87' lang='lat' dir='ltr'><strong>tibi,</strong></span> <span class='ocrx_word' id='word_1_299' title='bbox 310 4420 459 4492; x_wconf 74' lang='lat' dir='ltr'><strong>seticum</strong></span> <span class='ocrx_word' id='word_1_300' title='bbox 481 4429 578 4492; x_wconf 85' lang='lat' dir='ltr'><strong>velles</strong></span> <span class='ocrx_word' id='word_1_301' title='bbox 600 4425 752 4489; x_wconf 87' lang='lat' dir='ltr'><strong>invidiam</strong></span> <span class='ocrx_word' id='word_1_302' title='bbox 771 4425 814 4487; x_wconf 91' lang='lat' dir='ltr'><strong>illi</strong></span> <span class='ocrx_word' id='word_1_303' title='bbox 832 4425 1004 4504; x_wconf 82' lang='lat' dir='ltr'><strong>seminare,</strong></span> <span class='ocrx_word' id='word_1_304' title='bbox 1035 4429 1170 4491; x_wconf 84' lang='lat' dir='ltr'><strong>tinxisse</strong></span> 
     </span>
    </p>
   </div>
   <div class='ocr_carea' id='block_1_3' title="bbox 0 0 1314 5108">
    <p class='ocr_par' dir='ltr' id='par_1_3' title="bbox 0 0 1314 5108">
     <span class='ocr_line' id='line_1_37' title="bbox 0 0 1314 5108; baseline 0 0"><span class='ocrx_word' id='word_1_305' title='bbox 0 0 1314 5108; x_wconf 95' lang='lat' dir='ltr'><strong> </strong></span> 
     </span>
    </p>
   </div>
  </div>
 </body>
</html>
