2618 5108
141 794 224 879 m
428 797 630 881 Praedones
676 799 863 902 Dislnprs.

141 1002 174 1054 et
201 989 403 1054 infructuosis
429 991 750 1074 Romani-Episcopi·
770 993 920 1059 creaturis
956 995 1045 1079 quod
1070 995 1160 1060 insu·

140 1105 260 1161 matun-2
277 1091 339 1160 ,lte
352 1107 519 1177 nunquam
532 1095 602 1159 linis
622 1096 836 1175 estspoliandl
849 1094 1057 1172 Germaniam,
1076 1114 1161 1161 nun·
1193 1170 1196 1174 A

141 1214 236 1277 quem
253 1197 383 1272 modus,
398 1192 401 1199 ’
415 1211 468 1261 sut
486 1216 643 1261 mensura.
688 1198 732 1259 Et
756 1195 859 1264 nostri
883 1197 1010 1278 quidem
1028 1219 1161 1281 exemps

138 1295 221 1370 lum,
248 1296 373 1378 quoda
395 1298 545 1360 Romanis
563 1295 625 1376 ipsi
643 1296 900 1378 desumpserunt,
927 1297 1058 1360 ulterius
1079 1297 1160 1363 scite

138 1395 306 1459 admodum
331 1397 365 1459 in
392 1396 484 1461 nobis
512 1398 620 1462 edunt.
679 1398 880 1479 Tantumque
909 1397 1086 1460 fraudando
1120 1409 1156 1463 et

137 1494 317 1578 diripiendo
347 1496 563 1574 invaluerunt,
593 1508 628 1559 ut
654 1496 843 1560 fertilissima
872 1497 1044 1560 Germania
1074 1499 1157 1577 loca,

136 1595 386 1669 innodissirnos
417 1619 509 1678 agros
536 1597 725 1674 insederint,
751 1596 993 1678 locupletissima
1017 1599 1160 1680 portaria

138 1698 333 1782 occuparint.
368 1701 448 1765 Nun
466 1703 613 1765 Rhenum
630 1711 765 1783 utraque
783 1699 852 1780 ripa
869 1709 905 1764 ut
925 1698 1055 1773 tenenti

524 1833 780 1897 Frsoeiscus.

156 1962 159 1967 ·
213 1930 283 2008 Sic,
313 1940 351 1996 ut
383 1932 566 1998 Fridericus
597 1933 656 1997 Ill.
685 1932 840 2014 appellare
866 1948 940 1994 curn
970 1930 1083 1996 solitus
1113 1933 1156 1998 sit

139 2032 365 2098 sacerdotalem
382 2035 504 2111 vicum,
524 2034 613 2119 quod
632 2032 767 2115 aprime
787 2029 884 2111 ipsius
900 2042 1032 2107 exortu,
1052 2052 1159 2116 usquc

138 2133 216 2199 dum
234 2136 397 2199 Ocrarrnm
425 2133 544 2212 influit,
578 2153 713 2218 regnare
738 2130 821 2194 eirca
840 2152 912 2195 eum
931 2131 1056 2197 videret
1074 2132 1158 2199 Ger-

137 2235 248 2300 maniae
267 2235 456 2317 Episcopus.

543 2365 758 2431 Huttenus.

157 2451 164 2459 ’
213 2462 256 2526 Et
274 2463 387 2527 infelix
406 2463 603 2529 Francorum
628 2467 731 2543 natio,
760 2475 796 2529 ut
823 2464 962 2532 obnoxia
986 2477 1035 2531 est
1055 2465 1157 2555 impie

141 2558 341 2630 sacerdotum
359 2567 535 2647 tyrannidi!

515 2699 769 2764 Franciscus.

158 2863 162 2871 ,
227 2798 325 2879 Quod
342 2819 401 2862 vos
420 2799 583 2876 videritis,
611 2821 692 2883 quos
713 2823 775 2884 ego
794 2800 901 2864 dicere
920 2801 1027 2878 soleo,
1046 2798 1080 2866 in
1098 2801 1159 2866 hoo

138 2898 273 2973 maxime
302 2899 474 2980 perdidisse
505 2899 700 2984 magnificam
730 2902 988 2985 appellationem,
1027 2923 1092 2988 qua
1120 2901 1159 2967 li-

137 2996 234 3063 heros
254 3000 393 3065 Francos
415 3001 496 3065 dixit
516 3014 672 3080 vetustas,
698 3005 783 3087 quod
803 3002 887 3066 istud
904 3003 938 3065 in
956 3024 1015 3065 vos
1032 3001 1160 3088 jugum,

142 3100 300 3167 serviliter
318 3104 434 3184 magis,
459 3124 551 3187 quam
572 3105 634 3167 ulla
651 3104 710 3167 alia
728 3103 835 3181 natio,
854 3101 1029 3186 accepistis.

545 3240 761 3300 Huttenus.

156 3360 162 3375 ·
212 3333 271 3397 Me
290 3334 418 3419 quidem
436 3337 555 3416 pudet,
585 3350 617 3401 et
635 3337 703 3400 dies
722 3349 817 3420 atque
837 3345 947 3399 noctes
968 3335 1003 3397 id
1020 3356 1102 3418 ago,
1121 3345 1160 3401 ul

137 3436 303 3500 consilinm
322 3437 535 3513 inveniamus,
556 3438 733 3500 vindicandi
744 3458 803 3500 nos
823 3457 841 3498 a
860 3437 1008 3518 pudendi
1027 3436 1161 3520 captivi·

136 3545 218 3613 tate,
238 3558 344 3621 neque
365 3560 503 3621 unquam
526 3540 637 3601 desino
659 3540 698 3601 ad
716 3539 963 3620 recuperandam
980 3538 1158 3606 libertatem

137 3639 317 3714 exhortari,
346 3650 378 3700 et
405 3640 609 3720 popularibus
630 3639 707 3703 meis
727 3642 765 3702 ad
784 3639 893 3702 odium
912 3659 1015 3722 usque
1039 3661 1160 3723 expro-

41 3784 46 3794 .
136 3735 217 3813 bro,
250 3741 428 3818 patientiam
463 3740 589 3802 minime
620 3741 763 3816 virilem,
803 3739 879 3804 istos
911 3741 1161 3807 adolescentium

138 3855 273 3923 greges,
304 3839 337 3901 in
367 3839 462 3915 vino,
491 3852 522 3904 et
541 3841 659 3904 deliciis
680 3841 889 3924 perotiautes‚
918 3840 982 3923 pni
1011 3843 1097 3924 apud
1121 3865 1159 3910 sc

78 4002 81 4011 ,
136 3939 292 4018 divagari,
314 3959 420 4020 neque
440 3940 572 4018 sentire,
594 3955 647 4004 aut
666 3943 858 4026 intelligere,
878 3946 971 4027 quale
987 3943 1160 4027 insleperi-

137 4042 243 4103 eulum
262 4041 301 4104 sit
320 4040 466 4104 muliebri
484 4044 646 4124 pudicitie.
686 4047 769 4125 Quin
788 4045 879 4108 etiam
897 4047 1010 4109 domos
1030 4056 1158 4125 vocant,

137 4152 171 4206 et
189 4140 222 4204 in
242 4142 506 4207 consuetudinem
525 4145 691 4209 admittunt
709 4144 801 4207 nimis
821 4167 915 4228 quarn
931 4148 1057 4230 cupide.
1094 4148 1159 4212 Sed

136 4243 202 4308 haec
219 4242 252 4305 in
273 4242 372 4306 oculis
393 4257 485 4322 sunt,
506 4258 542 4309 ut
561 4266 708 4310 sermone
728 4247 895 4309 ostendere
914 4269 981 4310 non
1001 4257 1159 4330 oporteat·

138 4344 190 4408 Ile
210 4342 362 4408 Romanis
381 4365 461 4409 vero
480 4346 547 4409 istis
567 4347 741 4421 absolvam,
762 4347 851 4428 qnod
870 4360 982 4424 restat,
1002 4349 1155 4426 breviter,

91 4528 92 4533 ἵ
137 4464 249 4510 eorum
279 4446 400 4528 legatos
430 4447 636 4531 attingendo,
666 4468 731 4531 qna
748 4460 836 4529 poste
855 4449 1090 4533 contagiosior,
1117 4451 1160 4517 sb
