2618 5108
467 119 926 316 “power-‘¹
968 281 986 291 O

386 847 429 921 ln
453 848 660 922 Lutherum
683 849 788 923 Bulla
811 850 962 927 Leonis.
1142 860 1189 932 29

150 1043 270 1112 turaeal
298 1039 567 1126 inhnbditatisque
602 1042 643 1105 ad
681 1062 793 1106 omnes
831 1055 864 1107 et
908 1043 1055 1129 singulos
1100 1054 1191 1111 aetus

151 1143 328 1227 legitimos,
366 1143 502 1206 infamiae
531 1164 568 1206 ac
595 1143 816 1222 diffidationis,
860 1159 893 1210 et
930 1146 1071 1210 crimirus
1110 1148 1193 1210 lena

151 1244 322 1327 majestatis
341 1256 375 1308 et
391 1244 614 1308 haereticorum
632 1257 664 1307 et
683 1245 848 1309 lautorum
864 1248 1042 1311 eorundem
1062 1247 1095 1310 in
1114 1245 1189 1327 juro

146 1347 310 1428 expressis
332 1346 447 1428 penis,
479 1367 518 1409 eo
538 1345 626 1429 ipso,
668 1358 700 1408 et
723 1349 846 1432 absque
871 1351 1016 1413 ulteriori
1045 1351 1189 1417 declara·

143 1448 254 1525 tione,
275 1470 335 1530 per
357 1467 467 1511 omnes
489 1461 521 1512 et
540 1447 684 1534 singulos
705 1450 922 1531 supradictos,
954 1452 982 1514 si
1004 1452 1109 1536 (quod
1131 1451 1187 1515 ab·

143 1549 201 1625 sit)
220 1551 273 1626 n),
301 1549 566 1628 contrafecerint,
607 1551 822 1615 incurrendis.
872 1554 904 1616 A
923 1552 1041 1635 quibus
1067 1552 1186 1636 vigore

140 1649 376 1736 atriumque
395 1651 555 1714 facultatis
586 1662 618 1713 et
636 1653 847 1715 clausularum
860 1652 906 1729 e),
937 1653 1033 1715 etiam
1051 1653 1087 1714 in
1106 1673 1185 1715 con·

139 1752 371 1827 lessionalibus
398 1752 567 1838 quibusvis
591 1754 758 1834 personis,
788 1753 850 1816 sub
871 1751 1038 1836 quibusvis
1066 1753 1186 1815 verbo·

139 1874 214 1918 rum
230 1854 345 1918 iormic
365 1863 586 1918 contentarum
596 1855 644 1930 t),
663 1852 724 1915 nisi
745 1855 925 1917 aRomano
938 1853 1108 1930 Pontifice‚
1130 1854 1184 1917 rel

140 1954 205 2018 alio
224 1955 267 2017 ab
287 1975 330 2017 eo
355 1953 448 2016 adid
468 1954 501 2017 in
525 1955 633 2038 specie
661 1954 841 2018 facultatem
865 1955 1018 2030 habente,
1053 1967 1184 2035 practer·

142 2076 240 2140 quarn
259 2055 294 2118 in
313 2058 424 2119 mortis
446 2055 578 2119 articulo
605 2056 785 2130 constituti,
816 2057 939 2120 absolvi
953 2057 983 2132 e)
1009 2067 1183 2138 nequeant,

142 2157 303 2221 Omnibus
330 2168 363 2220 et
391 2157 526 2240 singulis
552 2157 722 2243 utriusque
747 2177 845 2218 sexus
871 2157 1127 2220 christifidelibus
1137 2156 1173 2234 r),

140 2269 204 2322 tam
224 2258 313 2321 laicis
332 2279 430 2342 quarn
442 2257 583 2334 clericis,
605 2258 824 2334 sacularibus,
845 2269 877 2319 et
888 2258 1079 2341 quorumvis
1092 2256 1180 2329 ordi.

140 2383 217 2426 num
235 2360 459 2444 regularibus,
480 2371 512 2423 et
531 2360 598 2424 aliia
616 2360 864 2444 quibuscunque
883 2360 1049 2440 personis,
1070 2357 1192 2440 cujux

139 2484 273 2548 cunque
305 2472 423 2538 status,
468 2463 605 2544 medus,
649 2463 701 2524 vel
733 2459 928 2524 conditionis
957 2460 1112 2537 existant,
1146 2470 1183 2524 ct

139 2584 336 2649 quacunque
357 2563 568 2626 ecclesiastica
595 2564 647 2631 rel
667 2562 827 2625 mundana
845 2560 1055 2644 praefulgeant
1074 2560 1180 2645 digni·

138 2677 221 2741 tate,
243 2664 338 2729 etiam
358 2681 471 2729 sancte
485 2665 637 2728 Romanae
653 2664 795 2727 ecclesie
814 2659 1054 2738 cardinalibus,
1075 2662 1179 2724 Patri·

138 2767 260 2845 rrcbis,
280 2767 491 2844 ffimanbus,
504 2764 775 2847 Archiepiscopis,
789 2763 968 2844 Episcopis,
988 2761 1180 2844 patriarcha·

137 2871 234 2948 lium
257 2866 574 2954 metropolitanarum
591 2881 626 2930 ct
651 2865 782 2930 aliarum
809 2864 1051 2942 cathedralium,
1079 2863 1178 2927 colle·

171 3181 202 3252 a)
222 3180 253 3237 O
279 3177 516 3234 immanitatem}
553 3173 693 3232 Etiamne
717 3174 747 3229 in
777 3178 917 3226 mortuos
958 3167 1031 3223 licet
1065 3166 1173 3224 sarire

205 3266 288 3322 tibi?
307 3263 409 3340 Quctu
429 3262 504 3317 lacis
521 3261 669 3333 tyrannidi
688 3271 745 3315 tuae
763 3257 912 3313 modum?

168 3364 200 3428 n)
226 3362 297 3416 lmo
315 3359 352 3414 rit
362 3399 374 3427 ,
395 3367 426 3413 ct
443 3366 566 3413 strenue
584 3356 712 3412 audeant
727 3351 813 3408 multi
832 3346 982 3404 obsevire
999 3344 1066 3400 tibi.

169 3456 198 3523 e)
216 3453 318 3510 Etiam
343 3469 414 3508 suas
439 3467 533 3521 nugas
551 3450 692 3523 proterit.
739 3449 843 3517 Atque
865 3440 978 3496 utinam
1007 3438 1090 3523 solas
1116 3436 1172 3504 has

206 3541 416 3595 conculcaret.

169 3636 201 3700 t)
220 3632 307 3707 Quas
326 3641 429 3688 tamen
448 3643 630 3686 emeramus.
858 3702 861 3707 Ι
1098 3687 1107 3711 4

169 3727 200 3796 e)
219 3728 368 3784 Petcmus
386 3724 526 3791 absolvi,
545 3721 692 3793 siquidem
711 3717 817 3785 ligatos
837 3724 895 3766 nos
912 3707 1089 3764 sentiemus.

168 3825 194 3892 t)
210 3821 372 3878 Excursus
390 3819 519 3874 leonino
538 3813 692 3889 potestatis
718 3820 774 3864 est.
823 3812 861 3860 At
879 3819 954 3858 rero
972 3799 1101 3856 Domini
1122 3808 1170 3856 est

202 3922 350 3978 regnum,
381 3904 500 3974 etipse
530 3897 735 3956 dominabitur
766 3891 917 3963 gentium,
958 3889 1044 3959 isque
1075 3886 1165 3958 paulo

200 4002 273 4064 post
304 3991 401 4045 diret:
430 3987 581 4057 „Rugitus
604 3981 735 4047 Leonis,
759 3992 824 4031 vox
852 3977 971 4039 leenae,
1003 3982 1032 4026 ct
1062 3971 1167 4025 dentes

201 4079 376 4135 catulorum
394 4076 518 4129 leonum
538 4069 659 4125 contriti
677 4075 756 4120 sunt.
798 4060 838 4116 Et
856 4060 925 4134 quia
943 4057 1167 4126 Hieronymum
1269 4100 1273 4107 .

199 4164 326 4221 solebas
350 4168 458 4215 testem
490 4155 627 4227 objicere
650 4151 758 4218 nobis,
789 4145 876 4211 audi,
904 4143 975 4213 quid
1003 4142 1040 4196 dc
1068 4142 1166 4211 rugitu

196 4259 252 4305 tuo
270 4246 424 4302 sentiat“:
444 4243 609 4309 Videmus,
633 4239 745 4310 inquit,
771 4231 924 4305 principes
943 4226 1101 4295 ecclesiae,
1127 4227 1165 4282 ita

197 4336 229 4391 in
249 4332 409 4403 subiectos
427 4328 559 4403 populos
577 4327 741 4389 detonare,
769 4328 798 4372 et
818 4332 897 4370 voce
916 4313 1088 4385 tyrannico,
1118 4328 1164 4364 ra.

193 4421 337 4496 pidisque
354 4414 502 4471 conviciis
523 4408 645 4484 plebem
664 4415 847 4470 conterere,
874 4409 989 4454 utnon
1009 4405 1163 4470 pastorem

195 4509 226 4562 in
246 4520 362 4576 grogn,
391 4501 444 4558 scd
463 4499 585 4554 leonem
604 4495 681 4550 iuter
703 4491 839 4551 oviculas
857 4495 1011 4559 putemus.
1047 4479 1161 4534 Nonne
