2618 5108
459 92 772 280 ,j
879 146 881 205 t

428 778 628 855 medones
674 775 861 874 Dialogus.
1083 778 1154 853 fit

136 969 337 1037 autoritatem
355 982 548 1056 proterunt,
567 976 601 1034 et
612 965 802 1049 'opinionem
820 962 955 1030 induunt
966 966 1156 1047 hominibus,

136 1074 171 1136 in
191 1095 259 1154 quo
276 1076 410 1137 menime
429 1083 576 1155 peccant,
597 1070 732 1132 officium
751 1069 859 1133 faeere
874 1091 920 1132 sc.
956 1069 1156 1150 Quinetiam

138 1188 261 1238 namma
281 1178 395 1238 horum
414 1186 461 1236 est
479 1181 512 1235 in
529 1187 674 1257 patriam
691 1183 846 1253 impietas.
891 1172 1062 1234 Dersstant
1079 1171 1158 1234 hanc

138 1275 222 1341 enim
233 1286 298 1355 ,.ut
317 1273 469 1339 aedificent
490 1276 578 1355 alibi,
599 1288 630 1339 et
650 1285 685 1337 nt
704 1276 838 1336 Romam
858 1293 997 1354 peraegre
1018 1274 1157 1354 locupie-

136 1386 223 1453 tent,
243 1396 335 1459 etius
353 1374 450 1458 turpis
468 1378 613 1461 obsequii
628 1377 819 1447 mercedem,
841 1374 946 1458 patriae
963 1372 1063 1455 spolia
1078 1374 1159 1437 acci·

143 1472 245 1561 piant,
264 1475 399 1553 amicos,
423 1478 537 1553 affines,
558 1489 727 1561 cognatos,
748 1489 779 1538 et
792 1486 937 1557 parentes
951 1474 1157 1538 incommodis

138 1576 354 1647 efficiunthic.
391 1576 619 1661 Mirariigitnr
639 1577 804 1661 quisquam
823 1588 944 1658 potest,
971 1580 1042 1659 plus
1063 1599 1157 1661 quem
1221 1606 1226 1615 ·

140 1676 229 1740 ilium
251 1678 353 1760 ipsum
370 1676 592 1744 Antichristum
612 1691 776 1760 tyrannum
796 1682 853 1744 hos
874 1680 980 1744 odisse
999 1698 1067 1759 mc,
1088 1700 1160 1741 cum

138 1775 204 1863 ipsi
217 1775 389 1842 immodice
405 1776 485 1842 itlius
500 1780 647 1863 potentiae
667 1791 792 1843 autores
804 1781 881 1856 sint,
902 1801 1008 1864 neque
1019 1772 1159 1863 unquam

140 1876 196 1941 ttte
215 1894 364 1962 arrogare
383 1877 443 1941 sibi
463 1902 558 1943 susus
578 1880 689 1959 suerit,
712 1905 781 1967 quse
800 1881 831 1943 hi
852 1885 933 1944 ultro
954 1882 1107 1959 offerunt,
1128 1893 1161 1945 et

138 1996 201 2063 per
232 1977 468 2043 contentionem
494 2001 624 2065 quoque
649 1983 813 2047 tribuunt?
844 1980 887 2045 Ut
914 1982 1034 2046 causari
1060 1982 1161 2062 possit

140 2068 308 2165 Romanus
327 2076 494 2157 Pontifex,
527 2092 661 2144 nostram
688 2084 732 2148 ihi
763 2085 965 2146 voluntatem.
1010 2084 1090 2146 Nam
1108 2082 1161 2147 hic

138 2168 235 2259 siunt,
255 2172 311 2265 qui
328 2172 454 2243 minime
475 2180 591 2258 coacti,
623 2186 680 2247 sed
704 2195 816 2267 sponte
845 2205 900 2247 sua
927 2195 1046 2247 tantum
1065 2202 1160 2266 posse

140 2274 230 2365 iilum
247 2274 376 2361 solunt,
396 2292 546 2365 quantum
566 2286 680 2369 alioqui
700 2307 791 2349 ausus
808 2305 875 2346 non
888 2283 1000 2348 suisset
1012 2306 1161 2369 arrogare

139 2366 220 2459 sihi,
253 2402 294 2446 ne
323 2398 435 2461 optare
466 2384 603 2467 quidem.
653 2389 703 2451 An
735 2389 785 2449 itte
819 2407 957 2471 unquam
985 2396 1161 2450 attentasset

143 2480 344 2565 Germaniam
357 2483 527 2564 rapiendo,
538 2484 644 2549 nisiab
656 2486 891 2569 hispateiectam
902 2487 961 2549 sibi
971 2484 1163 2568 reperisset?

140 2576 230 2667 Ecce
242 2595 345 2645 eutem
358 2581 514 2665 piraticam
525 2585 563 2647 ab
576 2585 612 2647 iis
626 2586 810 2662 institutam,
829 2607 959 2665 novam,
980 2588 1160 2666 inauditam,

143 2694 178 2747 et
195 2701 260 2769 qua
270 2684 442 2747 violentior
457 2707 522 2748 non
534 2687 660 2770 cognita
673 2699 721 2751 est
741 2711 757 2751 a
770 2689 898 2750 condito
915 2709 1016 2771 usque
1031 2686 1163 2751 mundo.

144 2770 372 2869 inperatorem
392 2786 477 2851 orbis
491 2798 645 2853 terrarum
655 2788 862 2868 prodentibus
875 2787 938 2866 his,
961 2783 1164 2870 subjecerunt

141 2872 206 2964 sthi
225 2886 398 2975 Pontifices
419 2890 568 2966 Romani,
588 2890 683 2973 eique
702 2891 886 2953 ademerunt
902 2890 1013 2953 urbem
1029 2888 1165 2972 primum

139 2986 291 3066 Romam,
312 2988 427 3053 deinde
445 2990 560 3053 bonam
574 2989 667 3053 Italia·
686 3003 823 3073 pertcm3
843 2989 989 3072 proxime
1016 2987 1165 3053 occiden-

139 3088 182 3161 tis
200 3080 389 3177 Imperium,
408 3091 476 3155 ausi
495 3104 582 3168 sunt,
603 3092 692 3176 qnasi
711 3113 805 3156 suum
823 3103 942 3173 petere.
980 3095 1023 3156 Et
1040 3091 1164 3159 Princi-

139 3190 238 3275 pibuc
257 3190 291 3254 in
310 3192 477 3256 Germania
497 3194 718 3275 praescribunt,
748 3189 876 3275 tegendi
895 3190 1115 3275 Imperatoris,
1133 3205 1167 3261 et

144 3294 270 3379 legem,
298 3303 330 3355 et
355 3292 572 3368 conditiones,
600 3315 736 3376 eumque
761 3303 882 3369 vetant,
910 3293 970 3355 nisi
990 3315 1086 3378 quem
1106 3294 1166 3379 ipsi

143 3392 263 3471 veiint,
276 3377 318 3457 ‘et
337 3393 394 3477 qui
412 3395 443 3455 in
462 3415 519 3456 sua
537 3393 635 3456 verba
655 3393 823 3475 juraverit,
843 3394 882 3456 ed
898 3394 1064 3476 imperium
1078 3416 1167 3460 aece-

144 3495 246 3572 dere,
266 3513 455 3576 omnemque
471 3495 509 3554 ab
528 3495 579 3556 ttto
599 3504 798 3576 potestatem,
819 3515 911 3555 omne
929 3497 1082 3576 regnandi
1102 3494 1165 3577 jus,

144 3594 209 3661 uisi
224 3595 313 3679 quod
326 3594 352 3658 is
368 3616 426 3657 suo
444 3594 573 3657 definito
593 3606 758 3670 exerceat,
779 3594 932 3675 eripiunt;
952 3617 1059 3680 neque
1079 3596 1167 3660 aliter

127 3696 196 3763 'tlt
209 3695 281 3772 ito,
301 3695 365 3759 nisi·
378 3696 565 3759 deosculatis
584 3695 641 3759 sibi
661 3695 811 3776 pedibus,
839 3697 1009 3777 dignantur
1030 3698 1167 3775 salutari,

148 3816 189 3861 ec
207 3790 381 3861 ministrum
399 3819 509 3872 suum,
537 3808 567 3859 et
589 3808 826 3879 procuratorem
845 3807 969 3857 vocant.
1007 3798 1082 3861 Hoc
1101 3809 1169 3863 tsn-

146 3896 223 3963 dem
241 3909 290 3963 est
306 3897 455 3979 predari3
474 3899 536 3960 hoc
555 3919 666 3979 rapere
686 3908 752 3975 est,
773 3907 804 3957 et
822 3896 1011 3960 latrocinari.

162 4092 169 4099 .
195 4080 199 4087 ,
556 4010 771 4077 Mercator.

226 4108 367 4177 Tandem
387 4123 443 4178 est.
488 4111 567 4177 Nam
587 4112 677 4196 cujus
696 4116 845 4178 momenti
869 4114 934 4177 alise
953 4126 1027 4178 sunt
1048 4115 1170 4200 rapim-

144 4216 272 4292 usna,
289 4217 314 4278 si
331 4218 411 4280 hanc
431 4216 639 4279 redimemus?

221 4430 404 4498 Admodum
423 4420 509 4495 terti.
541 4330 773 4517 ISIddttFiidiidii
791 4428 838 4495 tui
859 4426 937 4517 quid
955 4429 1008 4497 hic
1025 4429 1169 4500 ausint
