2618 5108
889 175 890 185 t

477 111 783 304 j
824 272 843 283 θ

307 313 312 320 ,
358 295 469 316 -ψ-οσ

430 804 634 883 Ptaedones
683 802 870 908 Dialogus,
1097 806 1164 889 m
1232 920 1237 931 ⁵

210 1072 349 1143 maim
549 991 777 1066 steresios(

140 1108 144 1117 ¹
165 1128 168 1133 ·
349 1114 360 1139 0

526 1165 782 1233 Franciscus.

212 1265 349 1329 Vincam
365 1278 396 1330 tc
412 1267 544 1331 testibus
560 1269 633 1330 ltuic
649 1290 747 1353 ctiuste
765 1268 904 1345 idoneis,
924 1269 1160 1346 mercatoribus,

136 1389 280 1452 quorum
303 1389 367 1443 nnn
387 1368 513 1430 auditur
533 1370 597 1430 huc
616 1377 684 1432 toto
714 1370 789 1434 orbe
811 1372 954 1451 quercla,
986 1392 1055 1434 esse
1075 1371 1101 1432 F
1105 1392 1159 1453 ug-

139 1490 256 1555 geros,
288 1468 344 1552 qui
365 1468 477 1532 lucrari
502 1469 578 1533 alios
599 1470 802 1547 nominant,
836 1469 891 1554 qui
922 1472 981 1535 soli
1007 1471 1161 1555 negotiari

142 1574 226 1653 apud
247 1580 373 1633 exteras
394 1569 538 1633 nationes
558 1568 674 1646 velint,
704 1581 736 1633 et
755 1570 887 1656 quadam
909 1568 998 1657 qrrasi
1024 1568 1163 1635 institute

138 1669 309 1761 tyrannide
328 1669 391 1746 ibi,
419 1670 555 1759 emendo
586 1669 779 1753 preveniunt
796 1694 925 1750 omues,
956 1671 983 1740 si
1004 1692 1070 1737 non
1087 1694 1162 1756 pos-

136 1769 415 1852 stur-preventu,
436 1770 572 1854 pecunia
590 1784 692 1834 tamen
717 1771 861 1852 vincant,
881 1784 917 1837 ut
937 1784 1071 1838 exaucto
1090 1796 1161 1857 pre-

136 1874 203 1949 tio,
235 1871 377 1954 depulsis
408 1872 445 1936 ab
466 1873 626 1954 emptione
647 1873 793 1936 tenuibus
814 1874 891 1950 illis,
924 1897 983 1958 pro
1014 1894 1073 1939 suo
1102 1868 1162 1959 ipsi

138 1974 254 2051 libito,
287 1974 377 2057 quod
396 1972 456 2036 soli
478 1984 639 2051 ernenmt,
669 1973 729 2037 soli
754 1977 891 2038 verulnnt
913 1987 1037 2057 postca,
1068 1996 1161 2059 quam

135 2075 241 2139 velint
259 2074 398 2138 maximi.
444 2073 579 2156 Quoties
608 2094 686 2138 vcro
707 2074 814 2138 audivi
832 2086 1066 2160 conquerentes
1080 2074 1161 2138 'deli-

135 2189 226 2241 eetos
244 2176 333 2251 illos,
352 2196 459 2238 earnm
479 2195 549 2237 esse
569 2174 676 2256 piper,
708 2196 882 2260 canumque
900 2196 1045 2251 crocum,
1073 2175 1161 2259 quod

136 2279 204 2342 sliis
232 2279 284 2341 hic
303 2278 531 2340 mercatoribus
552 2277 672 2339 Indiam
698 2277 881 2340 clausissent
898 2277 1056 2361 suggeri,
1086 2276 1162 2340 dunt

136 2379 281 2462 putridas
302 2400 373 2441 suns
396 2399 515 2441 merces
536 2377 660 2459 plurimi
685 2379 868 2442 venderent.
906 2380 1038 2441 llloucta
1059 2389 1162 2442 utitem

136 2481 366 2567 angerornm
399 2479 500 2562 qunlis
531 2479 601 2543 est?
635 2481 748 2544 Nonne
779 2460 987 2562 quindenarii‘
1007 2479 1050 2543 illi
1079 2501 1161 2564 quos

141 2582 283 2656 endunt,
314 2590 347 2642 et
368 2581 483 2663 quibus
510 2579 689 2642 universnm
720 2581 927 2660 impleverunt
953 2581 1161 2659 Gernnnistn,

139 2684 260 2766 reperti
291 2703 394 2764 nuper
420 2693 511 2757 sunt,
540 2681 653 2767 viginti
672 2703 770 2747 aureo
790 2704 857 2745 non
875 2681 1004 2743 valere?
1032 2695 1163 2746 nonest

136 2784 204 2850 trec
222 2783 310 2848 fraus
333 2785 409 2847 odio
430 2782 555 2869 digua?

542 2901 580 2963 Μ
589 2910 762 2965 escator.

213 3004 289 3079 Est,
311 2999 411 3086 siquis
433 2999 631 3077 inveniatur,
653 3000 708 3085 qni
728 2999 872 3063 conscius
891 2987 951 3062 sibi
969 2998 1019 3063 sit.

524 3102 776 3165 Franciscus.

164 3252 169 3261 -
214 3204 271 3268 lui
290 3214 379 3281 sunt3
399 3206 624 3291 tuamuappello
646 3199 879 3264 conscientium.

548 3319 765 3382 Mercator.

198 3421 253 3485 ·Si
280 3442 357 3484 vern
385 3431 492 3484 essent
522 3419 602 3496 hsce,
635 3441 700 3482 non
727 3421 906 3515 vidpremus
926 3417 971 3481 sic
990 3420 1161 3480 honoratos

136 3544 214 3617 eos,
236 3522 368 3588 etiams
387 3521 606 3585 Maximilinno
627 3519 792 3605 insignitos
812 3516 983 3582 nobilitate.

525 3636 784 3702 Franciscus.

216 3741 270 3808 Ah
291 3736 453 3818 nobilitas,
490 3761 583 3825 quam
609 3762 674 3802 non
693 3741 803 3813 hnstae,
835 3757 901 3797 non
931 3733 1062 3810 vexilla,
1098 3753 1162 3794 non

121 3840 289 3926 phel'ern,
334 3863 441 3926 neque
477 3840 639 3905 cicatrices
692 3848 899 3922 peperenrnt,
943 3835 1000 3899 sed
1039 3832 1163 3897 infamis

137 3951 345 4027 pecuniarum
382 3941 542 4024 possessio
577 3939 772 4018 conciliavit,
810 3949 865 4016 nt,
900 3936 1006 3999 vacuis
1038 3937 1163 4013 virtute,

136 4048 247 4109 saltem
265 4042 381 4108 divitiae
402 4044 643 4125 opitularentur.

548 4158 772 4222 Mercator.

79 4328 83 4334 .
146 4266 152 4277 '
218 4248 336 4345 Qnicso
351 4270 384 4324 tc
401 4261 594 4324 nobilitatem
608 4261 663 4344 qui
680 4258 787 4324 adimis
807 4254 1030 4340 Fuggerorurn
1050 4253 1166 4327 domui,

140 4364 183 4429 de
204 4372 326 4430 Leonis
343 4368 385 4428 X.
405 4362 580 4442 majoribus
608 4361 693 4446 'quid
723 4359 820 4423 sentis
855 4356 1002 4420 tandem?
1042 4353 1096 4438 qui
1127 4374 1167 4416 ex
1267 4382 1270 4387 ·

139 4460 558 4617 mpircnonbrss'leotisuut
573 4457 909 4615 potentissimp2nnper
930 4455 1112 4539 principes?
1146 4472 1151 4479 '

197 4572 245 4616 utt.
265 4568 311 4627 Op.
329 4566 357 4614 T.
370 4567 412 4614 tv.
