2618 5108
333 811 421 883 'ed
445 809 671 910 Spongiam
664 795 818 890 Emimi.
947 855 955 920 .'
1033 806 1105 890 tot

96 996 360 1069 30Erasmus
393 1002 488 1080 Scio,
519 1021 587 1068 uon
623 990 692 1066 ten
725 1012 943 1138 contemptun
970 1002 1108 1072 liuttenl

84 1104 260 1184 generosus
279 1104 413 1166 enimus.

161 1205 266 1268 Otto.
304 1205 377 1266 Hoc
396 1203 478 1266 adeo
499 1201 557 1265 tibi
573 1221 760 1284 persuasum
778 1200 877 1283 habe,
896 1224 963 1268 nou
981 1206 1109 1274 tulisset

82 1315 245 1368 cruentam
265 1315 298 1365 et
316 1325 458 1386 asperam
478 1303 649 1386 Spongiam
668 1304 758 1365 banc.
1093 1320 1098 1330 ·

160 1407 357 1468 Erasmus.
384 1405 554 1480 Proinde,
576 1422 647 1465 eum
657 1405 774 1466 multos
792 1403 964 1468 lacessierit
975 1407 1110 1472 antehae

85 1502 181 1565 scidis
202 1503 334 1582 libellis,
366 1524 425 1568 nee
444 1505 525 1565 ullus
545 1502 632 1567 illum
649 1504 799 1566 hactenus
819 1519 976 1588 responso
995 1507 1113 1601 digna-¹

84 1618 134 1669 tus
154 1605 212 1679 tit,
233 1616 265 1666 et
283 1607 347 1668 boe
364 1603 495 1669 honoris
514 1604 596 1667 leret
617 1625 634 1665 a
653 1603 754 1666 ueteri
774 1603 886 1666 amico

161 1709 267 1771 Otto.
306 1705 372 1769 set
388 1705 478 1767 elteri
490 1704 573 1767 leros
587 1707 644 1767 boa
659 1707 798 1768 bonores
811 1707 953 1789 postbee.
990 1706 1111 1771 Laces-

88 1804 164 1873 aivit
182 1808 337 1890 qrrosclatn
357 1805 474 1887 optime
493 1815 580 1868 certe
598 1805 744 1880 meritos,
775 1814 807 1869 ct
834 1805 1000 1888 insigniter
1018 1806 1109 1890 flegi-

56 1889 62 1901 ’
87 1910 198 1980 tiosos,
219 1918 251 1968 et
269 1907 409 1987 perditos
427 1904 570 1968 homines
591 1903 787 1969 Curtisanoa.
809 1904 836 1967 ti
851 1904 957 1967 sinon
974 1926 1109 1988 respon-
1126 1900 1128 1904 ⁸

86 2011 210 2082 (lerunt,
231 2009 295 2068 bec
310 2028 403 2086 causa
419 2008 490 2084 luit,
511 2007 673 2091 quoniam,
693 2005 1027 2088 quid‘rssponclerent,
1039 2024 1109 2071 non

87 2109 282 2183 habueruut,
310 2119 364 2169 aut
382 2129 441 2188 pro
462 2106 601 2168 crassitie
621 2116 653 2168 et
671 2106 797 2187 ignavia
815 2126 872 2168 sua
891 2106 1110 2177 nesciverunt.

161 2204 376 2269 Erasmus(
396 2204 502 2286 Hujus
524 2205 680 2288 tragoediae
699 2206 880 2288 pro’e‘mium
901 2206 1015 2273 extitit.

165 2309 272 2370 Otto.
311 2307 425 2370 Extitit
441 2326 585 2389 prorsus.
625 2306 802 2388 Oportebat
819 2308 904 2370 euim
918 2307 991 2370 belli
1004 2307 1110 2392 quotl-

85 2410 155 2472 ‹lam
170 2408 345 2490 auspicium
358 2429 437 2470 esse.
477 2407 602 2471 Utinam
621 2417 726 2470 cutem
738 2407 941 2476 occasionem
956 2418 992 2473 tu
1011 2408 1117 2474 seseli

85 2509 203 2582 disses,
225 2509 315 2591 quod
336 2509 453 2588 optime
471 2518 615 2587 potores,
634 2518 670 2570 et
684 2508 768 2571 illem
783 2530 849 2571 non
866 2529 979 2590 penus
992 2509 1110 2574 luisses

86 2608 240 2672 dominari
270 2607 331 2671 sibi
350 2608 546 2690 philantiam,
580 2627 643 2691 qua
663 2628 726 2687 pre
746 2618 778 2671 te
798 2629 908 2674 omues
930 2610 1112 2674 Germanos

86 2709 272 2771 contemnis.

90 2853 94 2861 ·
162 2812 361 2872 Erasmus.
398 2810 458 2873 Me
476 2818 645 2889 metatura
663 2818 749 2871 esset
767 2801 896 2872 invidia.

163 2910 276 2972 Otto.
314 2907 382 2971 vet
396 2908 469 2972 hinc
489 2918 633 2990 apparet,
667 2927 734 2991 quo
753 2904 858 2970 animo
878 2907 910 2971 in
931 2906 1110 2972 Germanos

86 3008 140 3073 sl's.
179 3009 338 3072 Sed'num
367 3008 443 3072 ideo
471 3007 588 3088 repulit
620 3018 805 3088 peccatores
834 3017 866 3070 et
884 3007 1110 3091 publication

86 3129 120 3172 se
141 3107 305 3183 Christus,
339 3107 414 3190 quia
441 3107 560 3170 invidia
586 3109 747 3190 gravaturi
775 3121 864 3173 erunt
893 3112 978 3190 apud
998 3108 1116 3174 Ponit·-

86 3211 178 3285 fiaes,
199 3208 373 3271 Pharismos
397 3219 429 3269 et
450 3207 614 3289 optimates
639 3209 699 3272 se?
728 3210 875 3272 Haeccine
895 3221 944 3273 est
963 3208 1018 3273 illa·
1031 3211 1109 3273 doc-

87 3310 169 3373 triua
188 3321 258 3386 tue,
281 3330 343 3392 que
363 3309 478 3384 doces,
499 3329 706 3389 personarum
726 3321 906 3392 respectum
917 3311 1001 3392 apud
1015 3309 1108 3373 Clui-

85 3410 203 3472 stianos
233 3407 485 3490 superstitiosum
513 3429 601 3484 esse,
631 3408 884 3472 neminem-esso
903 3422 1108 3473 contemnen-

86 3513 187 3586 dum,
198 3521 231 3573 et
249 3509 366 3573 animas
385 3530 454 3573 esse
474 3509 637 3591 ponendas
660 3531 720 3590 pro
739 3509 916 3572 fratribus?

160 3614 363 3676 Erasmus.
403 3610 520 3692 Scripsi
534 3610 694 3686 Hutteno,
685 3606 1117 3719 ,meutbanimumnulliue
1140 3682 1143 3686 ,

84 3713 155 3778 mali
174 3713 235 3777 sibi
254 3712 418 3777 conscium
438 3732 541 3785 esse.

161 3815 270 3876 Otto.
308 3816 382 3876 Hoc
411 3811 546 3894 primurn
577 3810 738 3892 refugium
758 3821 807 3873 est
823 3806 1030 3884 fraudulenti,
1058 3817 1103 3885 ut,

86 3930 159 3974 cum
177 3911 274 3972 fucrit
293 3913 524 3994 deprehensus,
546 3914 645 3976 dicat:
665 3934 731 3976 non
750 3910 830 3988 leci3
849 3931 955 3995 neque
975 3911 1026 3972 ille
1045 3928 1105 3970 vo·

85 4012 170 4075 lebat
190 4013 271 4087 hoc,
293 4014 369 4091 quid
396 4025 428 4076 tu
449 4014 505 4075 tibi
525 4016 671 4078 conscius
691 4037 794 4088 esses,
814 4012 930 4077 selide
949 4009 1105 4091 scriptura

87 4124 123 4175 ut
142 4113 360 4192 expostularet
379 4122 501 4190 tecum,
520 4134 561 4175 ex
580 4137 643 4199 qua
657 4114 828 4177 ludibrium
847 4112 941 4188 lacis,
964 4124 995 4173 et
1015 4112 1104 4196 quod

87 4213 214 4275 nimium
232 4211 405 4296 pmuloutiae
423 4212 558 4278 intendis
576 4228 646 4292 turc,
667 4216 892 4298 bominumque
905 4213 1104 4294 prescriptis.

87 4315 180 4374 Nune
200 4313 363 4385 clausimus,
389 4315 477 4395 quoil
497 4317 665 4400 aliquando
683 4315 854 4398 probabam
876 4335 961 4376 nunc
978 4334 1105 4377 rursum

87 4413 242 4496 proberis,
264 4433 333 4495 que
346 4415 530 4490 ‹larnuabns3
553 4420 640 4499 quod
659 4438 718 4500 pro
734 4414 883 4480 varietate
896 4435 1105 4497 personarum

123 4517 187 4562 nuti.
200 4516 244 4575 op.
261 4513 288 4561 r.
300 4513 342 4564 ιν.
720 4506 766 4572 32
