2618 5108
399 736 449 818 ad>
470 736 629 819 lectores
653 731 829 839 Epistola.
1009 774 1011 778 ,
1049 735 1128 814 ,lta

63 925 64 928 ’
115 929 321 1009 omnia‘paene
335 926 464 1000 oonsilio
478 925 805 1001 luerintdncomults,
825 924 933 999 potins
948 935 1021 1001 est,
1034 947 1128 1008 quam

112 1031 233 1091 vellem.
272 1031 309 1090 ln
327 1027 374 1090 his
391 1048 491 1110 cogor
504 1020 688 1098 ‚desiderare
709 1023 877 1104 iudicium,
900 1025 955 1108 qni
968 1024 1127 1095 hominem

112 1133 151 1191 ad
181 1129 332 1210 agendam
364 1126 671 1200 insanamfabulam
700 1125 975 1204 protruseruntin
1002 1147 1128 1204 prosce-

94 1220 213 1303 nium,
237 1230 292 1311 qui
309 1249 393 1290 nuno
410 1228 502 1289 eliam
519 1239 579 1288 tam
596 1226 713 1286 insulso
730 1227 907 1305 spectaculo
920 1227 1128 1305 applaudunt.

114 1331 229 1405 yideri
249 1331 360 1390 volunt
379 1328 488 1390 lavere
508 1326 735 1413 bonis-literis3
761 1343 865 1402 nemo,
887 1326 1062 1401 mortalium
1082 1328 1129 1390 liis

113 1430 210 1510 magis
229 1429 348 1490 nocuit.
380 1425 695 1508 impensestudiosi
712 1424 955 1513 sunthutlieri3⁴
968 1492 971 1499 ,
986 1446 1050 1498 non
1070 1448 1128 1508 po-

18 1517 21 1523 ’
94 1511 217 1591 Ιίεταηῑ
236 1526 329 1608 hujus
352 1511 473 1588 causam
493 1514 734 1607 magislaedeie.
773 1515 927 1588 Amabant
939 1526 1129 1602 Huttenum3'

113 1631 215 1690 nullus
236 1627 336 1700 hostis
356 1630 424 1707 plus
444 1626 516 1688 mali
545 1626 631 1686 dedit
655 1627 808 1687 Hulteno.
859 1625 1003 1688 Oderunt
1024 1628 1127 1692 hostes

113 1729 264 1800 Lntlieri;
295 1730 397 1788 nullus
418 1728 519 1788 adhuc
540 1724 596 1787 illis
625 1726 767 1787 exhibuit
787 1727 998 1807 spectaculum
1014 1725 1131 1806 jncun-

115 1829 197 1891 dius.
239 1829 318 1889 Sunt
348 1815 515 1888 admodum
543 1825 711 1899 Germani;
741 1826 887 1888 trecentis
915 1812 1008 1901 'antiis
1035 1849 1129 1891 nemo
1154 1866 1157 1871 ·

115 1930 214 2009 magis
230 1922 343 1988 ‘offecit
362 1926 481 1987 nomini
501 1925 699 1987 Germanico.
737 1927 852 2009 Neque
872 1947 950 1987 vero
973 1949 1023 1991 me
1043 1929 1129 2004 fallit,
1193 1988 1199 1995 .

115 2050 180 2110 quo
201 2025 351 2100 consilio,
383 2048 441 2106 per
462 2026 626 2108 quoshoee
646 2036 780 2087 estacta
800 2025 913 2086 fabula.
966 2027 1040 2095 Sum
1062 2028 1133 2111 qui·

114 2130 186 2189 dein
206 2127 337 2206 simplici
356 2127 504 2208 praeditus
523 2123 652 2206 ingenio
672 2124 864 2209 minimeque
883 2125 1052 2207 suspicaci3
1073 2127 1131 2192 sed

113 2236 178 2289 non
198 2245 302 2309 usque
321 2227 506 2287 adeonullo
526 2245 602 2286 naso
625 2244 710 2298 sum,
740 2246 799 2286 nec
831 2225 863 2287 in
892 2234 1010 2315 tantum
1036 2229 1132 2311 stipes

113 2339 166 2389 aut
186 2327 323 2408 fungus,
344 2337 379 2388 ut
399 2328 484 2388 solus
504 2347 569 2386 non
586 2325 731 2400 sentiam,
753 2326 841 2408 quod
858 2327 996 2388 sentiunt
1012 2348 1132 2392 omnes.

116 2430 255 2503 Verum,
284 2427 311 2489 si
330 2426 451 2502 licebit,
480 2427 629 2486 haetenus
650 2424 832 2491 defunctum
852 2447 921 2488 esse
941 2448 1047 2507 pugna
1067 2430 1133 2510 gta.

115 2530 264 2604 diatoria,
293 2526 387 2608 cupio
407 2526 546 2601 nescire,
576 2524 665 2611 quod
683 2524 767 2599 scio,
800 2536 831 2587 et
857 2525 1021 2604 oblivisci,
1042 2527 1133 2611 quod

114 2628 256 2703 memini3
288 2627 345 2689 sed
372 2645 504 2700 vereor,
539 2644 580 2686 no
609 2645 666 2706 per
686 2627 839 2706 quosdam
870 2623 1052 2706 hujusmodi
1071 2640 1133 2692 tra·

117 2729 289 2810 gondiarum
309 2724 439 2788 nimium
463 2736 600 2787 amantes
628 2746 693 2786 non
722 2726 828 2801 liceat,
862 2725 933 2809 qui,
965 2750 1037 2790 eum
1066 2750 1133 2793 non

115 2829 279 2911 ignorent,
302 2849 397 2911 quam
417 2827 550 2890 civiliter
568 2826 724 2888 tractarim
738 2828 913 2888 Huttenum
932 2827 963 2890 in
981 2828 1131 2912 Spongia,

113 2942 300 2991 tamennon
320 2929 419 3008 pudet
438 2929 514 2990 istos
533 2925 668 3008 jactare,
698 2947 749 2988 me
768 2937 841 3007 post
860 2927 1031 2990 extinctum
1051 2931 1134 2992 Hut·

115 3043 221 3092 tenum
250 3029 386 3091 edidisse
406 3028 562 3104 libellum,
594 3027 692 3088 veluti
722 3048 793 3088 cum
812 3028 905 3090 larvis
934 3031 1133 3096 luctatorum.

113 3130 246 3194 Hutteni
268 3128 521 3208 Expostulationi
549 3126 649 3190 statim
667 3128 818 3208 respondi
845 3128 878 3190 in
905 3129 1131 3197 mense'Jnlio.

85 3288 87 3292 ,
113 3229 208 3290 Vidit
228 3248 354 3288 manum
380 3247 480 3289 meam
501 3229 640 3290 Joannes
670 3228 870 3306 Frobenius,
905 3252 1042 3314 eumque
1071 3235 1133 3295 hoe

117 3328 167 3389 alii
187 3327 340 3388 nonnulli.
379 3328 563 3389 Exeusurns
585 3339 668 3403 erat,
689 3329 744 3390 sed
769 3349 829 3389 nec
847 3333 934 3409 prela
956 3342 1020 3393 tum
1042 3353 1132 3396 vaea-

115 3431 208 3503 hant,
230 3439 261 3488 et
279 3426 354 3488 mihi
373 3426 544 3488 consultius
561 3438 609 3489 est
628 3429 730 3490 visum
749 3429 883 3505 differri,
905 3452 945 3492 ne
959 3442 1030 3493 unte
1050 3453 1132 3496 nun·

116 3532 203 3592 (linas
221 3529 278 3590 alia
293 3528 435 3609 prodiret
450 3527 641 3604 criminatio,
661 3531 713 3590 eui
729 3551 793 3591 non
805 3529 916 3591 liceret
926 3532 1132 3610 respondere.

113 3634 182 3696 Jam
204 3653 274 3692 cum
294 3641 433 3702 constet,
467 3630 642 3690 Huttenum
662 3630 792 3710 periisse
821 3629 892 3704 die,
922 3650 987 3710 quo
1016 3629 1134 3694 dictum

114 3733 147 3794 in
165 3732 297 3795 insulula
318 3732 470 3815 quadam,
503 3751 571 3811 quae
592 3731 687 3808 longe
714 3741 760 3788 est
787 3749 881 3811 supra
904 3729 1132 3808 Thurregium3

116 3852 186 3892 cum
215 3842 354 3905 constet,
396 3829 567 3911 Spongiam
604 3829 803 3890 aFrobenio
847 3829 887 3889 ad
918 3829 965 3890 ld.
995 3831 1133 3912 August.

118 3941 264 4008 coeptam,
286 3929 378 3991 tertio
399 3931 450 3992 die
465 3928 622 4009 Septemb.
642 3929 830 4002 absolutam,
851 3928 906 4011 qui
927 3928 995 3990 fieri
1014 3941 1129 4009 potest,

117 4040 152 4091 ut
190 4050 269 4109 ego,
290 4039 362 4107 post
383 4015 502 4090 obitum
522 4028 655 4092 Hutteui
677 4029 847 4111 Spongiam
867 4028 1034 4104 ediderim,
1055 4054 1134 4112 pne·

118 4128 242 4202 sertim,
274 4149 346 4189 cum
366 4129 498 4191 Hutteni
519 4150 603 4191 mors
623 4130 739 4207 suerit,
767 4141 801 4192 ut
821 4130 978 4204 scribunt,
1006 4129 1136 4195 subita?

118 4234 262 4312 Supputa
281 4241 420 4311 tempus,
449 4250 514 4313 quo
534 4251 643 4294 rumor
662 4233 723 4294 huc
744 4229 933 4294 adferendos
958 4239 1024 4290 erat
1043 4231 1136 4294 etiam
