2618 5108
829 58 832 65 .

354 813 558 889 Praedones
608 811 797 914 Dialogus.
1025 812 1107 892 tta.

61 1007 260 1082 imeremm,
284 1028 357 1091 quaa
380 1008 461 1070 fiunt
479 1008 593 1070 horum
613 1006 734 1090 gratia,
759 1005 879 1082 caedes,
899 1005 1001 1081 bella,
1019 1004 1098 1082 vim,

63 1121 100 1172 et
122 1107 291 1190 injuriam,
313 1119 410 1192 atque
432 1108 500 1171 istis
511 1127 691 1171 careremus
706 1109 777 1170 vitas
794 1105 970 1184 illecebris,
990 1124 1099 1190 neque

66 1220 117 1273 tot
139 1209 309 1272 libidinum
336 1209 537 1272 irritamentis
576 1209 718 1272 obnoxie
743 1208 944 1284 viveremus,
977 1209 1036 1272 sed
1063 1215 1101 1269 ut

63 1310 203 1392 majores
242 1310 316 1373 olim
342 1310 461 1386 nostri,
509 1309 609 1372 fortes
634 1308 714 1384 viri,
753 1311 948 1372 aemulatione
971 1309 1100 1372 virtutis

65 1422 263 1486 teneremur,
287 1422 319 1474 et
336 1432 395 1491 pro
409 1414 508 1490 gloria
520 1413 798 1475 contenderemus.
837 1411 942 1474 Etiam
963 1409 997 1474 in
1010 1431 1100 1472 men-

70 1513 116 1576 sis
129 1501 295 1576 uteremur'
312 1514 458 1577 fictilibus
479 1514 636 1587 arbitror,
656 1511 717 1574 nisi
734 1533 794 1575 vos
813 1512 950 1593 primum
969 1512 1103 1575 advecta

67 1635 211 1698 peraegre
243 1634 339 1677 aurea
372 1627 404 1676 et
431 1626 581 1697 argentea
605 1615 836 1677 monstrassetis
868 1632 954 1676 vasa.
1003 1612 1105 1676 Can

66 1717 260 1779 vestiremur
279 1714 420 1778 ferarum
447 1716 597 1797 pellibus,
632 1713 692 1778 nisi
713 1735 773 1778 vos
789 1714 929 1778 sericum
949 1713 1104 1796 pretulis-

69 1819 159 1880 κᾶε.
197 1816 290 1898 Quali
312 1815 409 1899 igitur
422 1816 574 1897 sapientia
594 1815 726 1877 luerunt
746 1813 883 1896 majores
904 1815 1025 1892 nostri,
1045 1817 1103 1900 qui

69 1918 225 1981 secedere
246 1916 286 1978 ad
307 1937 342 1979 se
363 1929 554 1980 mercatores
576 1915 830 1994 prohibuerunt,
852 1918 992 1999 quodam
1013 1936 1101 1995 reor,

66 2017 182 2082 divino
200 2017 346 2080 instinctu
370 2018 623 2098 praesentientes,
653 2017 722 2079 lere
739 2018 778 2079 ab
797 2016 865 2095 his,
886 2019 976 2102 quod
994 2037 1103 2082 mores

66 2117 262 2198 depravaret
286 2118 360 2180 olim
375 2118 436 2181 bic.
474 2120 582 2202 Atque
599 2119 726 2181 illorum
748 2121 878 2204 quidem
899 2123 965 2183 laus
982 2139 1105 2185 summa

66 2218 150 2295 tuit,
171 2230 298 2302 gentem
313 2219 437 2281 censeri
448 2238 555 2303 neque
566 2230 717 2297 astutam,
738 2242 846 2306 neque
864 2222 1024 2299 callidam3
1043 2243 1104 2286 vos

68 2320 137 2384 bato
166 2340 300 2402 quoque
325 2319 503 2382 advertistis
529 2321 676 2403 paulatim
704 2320 790 2385 vitia.
829 2323 939 2387 Nostri
964 2323 1104 2407 majores

70 2420 197 2502 lingere
210 2421 403 2497 nescierunt,
423 2421 515 2482 vobis
527 2421 653 2484 mentiri
670 2425 831 2504 peculiare
843 2437 901 2491 est.
932 2424 1105 2490 Commen-

72 2518 233 2584 datissima
248 2522 310 2584 tuit
321 2522 467 2586 omnibus
480 2522 599 2585 circum
610 2523 791 2588 nationibus
806 2526 886 2591 fides
903 2539 1024 2605 nostra,
1043 2543 1105 2591 vos

71 2620 253 2685 fnudando
271 2634 303 2684 et
320 2623 460 2685 fallendo
482 2624 575 2686 etiam
597 2627 678 2688 hanc
700 2626 889 2703 infamastis3
914 2627 1019 2690 soenus
1037 2649 1106 2693 non

73 2722 235 2806 agitabant
254 2722 314 2800 illi,
346 2745 455 2809 neque
480 2746 594 2789 usuras
622 2738 794 2806 noverant,
827 2750 886 2793 vos
910 2731 976 2792 haec
999 2728 1105 2810 primo

72 2823 178 2887 colitis
203 2825 289 2887 loco.
310 2836 357 2896 ,0
377 2835 663 2910 pereqrtnitatem!
697 2830 749 2890 Tu
772 2848 850 2892 vero
867 2829 946 2892 ferri
963 2850 1107 2914 unquam

12 2990 14 2994 ,
69 2944 170 3011 posse
186 2923 388 3003 existimasti,
407 2939 444 2989 ut
457 2930 534 2989 tales
555 2946 628 2990 cum
649 2927 715 2992 sitis
733 2928 886 3010 ipsium,
905 2931 983 2992 alios
1000 2943 1107 2996 tamen

68 3025 227 3090 cslumuia
244 3027 395 3089 tentetis?
415 3029 541 3117 Verum
564 3029 654 3112 quod
678 3039 808 3092 testatus
842 3027 906 3110 jam
929 3041 1001 3094 ante
1022 3053 1107 3112 sum,

69 3127 117 3193 ittt
139 3127 236 3192 velim
266 3128 400 3210 accipias
433 3131 515 3207 baec,
548 3150 614 3190 non
640 3141 675 3192 ut
697 3152 766 3214 quae
796 3129 942 3194 dicantur
967 3132 1108 3198 nuncin

70 3251 134 3303 vos
155 3252 173 3293 a
192 3249 261 3306 me,
282 3228 341 3293 sed
360 3252 430 3313 quae
450 3230 513 3294 dici
531 3240 679 3312 possent,
704 3228 862 3314 siquando
879 3233 919 3295 ad
933 3234 1107 3300 verborum
1172 3218 1178 3231 ’

69 3318 312 3396 bddtentionem
326 3351 387 3395 res·
400 3330 594 3413 perveniret.

481 3498 701 3562 Mercator.

149 3600 198 3667 lta
223 3601 347 3683 accipio
365 3598 496 3683 quidem
514 3621 556 3661 ex
575 3611 683 3680 pacto,
715 3620 906 3683 quamquam
928 3598 1047 3661 sentire
1070 3607 1106 3660 tu

73 3701 210 3779 uideris,
234 3702 415 3784 improbius
434 3713 466 3763 et
492 3700 626 3764 noxium
648 3700 749 3782 magis
780 3722 847 3762 non
872 3721 942 3763 esse
967 3699 1001 3761 in
1024 3699 1107 3763 Ger·

75 3803 195 3881 maniat,
223 3803 410 3884 praedonum
432 3824 535 3884 genus
558 3801 657 3877 aliud,
680 3822 776 3884 quam
792 3801 855 3864 hoc
875 3811 1033 3864 nostrum.

460 3949 719 4012 Franciscus.

129 4039 131 4044 ¹
150 4051 286 4113 Minime
308 4049 469 4133 gentium3
501 4070 573 4112 narn
595 4050 672 4112 alios
700 4049 876 4114 describam
904 4051 998 4132 paulo
1023 4061 1107 4131 post,

71 4150 275 4234 praecluibus
298 4150 351 4226 hi,
386 4173 468 4233 quos
489 4151 557 4215 dixi
576 4153 692 4224 modo,
723 4152 889 4228 praedones
910 4172 975 4212 non
996 4151 1109 4212 viden-

73 4265 141 4327 tur,
166 4272 357 4335 quamquam
374 4266 407 4314 et
425 4241 587 4332 iurabere,
608 4273 677 4334 quae
699 4252 885 4327 dictasunt,
906 4270 1109 4335 nequaquam

74 4353 108 4416 iu
136 4373 248 4415 omnes
270 4351 444 4415 universim
473 4352 574 4435 accipi
603 4352 716 4428 velim,
746 4364 894 4435 tanquam
920 4353 975 4435 qui
999 4350 1107 4411 existi·
1208 4342 1214 4350 ’

74 4475 175 4531 mem,
223 4472 334 4514 omnes
370 4453 546 4517 Germanias
584 4453 755 4517 damnosos
791 4474 862 4517 esse
903 4463 1107 4518 mercatores.
