2618 5108
460 730 646 834 armum
670 730 859 833 Diuogu.
974 690 981 711 ’
1031 730 1037 742 ·
1084 736 1161 821 :tu

134 922 472 1000 :nemun-exercitu,
500 934 668 1007 ,qustum
681 980 684 987 .
697 926 783 997 sslire
801 924 926 1010 potuit,
951 924 985 987 in
1003 923 1114 1008 usqum
1131 936 1168 1001 ,qt

140 1023 343 1089 deditionem
363 1022 479 1105 coegit.
503 1025 700 1107 ,Numquos
718 1026 900 1108 magnifacit
918 1025 1061 1103 Scythas,
1088 1024 1168 1095 sitiit

135 1135 279 1187 tantum.
305 1121 411 1192 Certe·
423 1122 522 1205 ipsius
540 1127 730 1201 avunculus,
751 1129 854 1191 clarus
872 1123 1077 1208 Epirotarum
1093 1147 1164 1203 rer,

146 1235 260 1305 negat,
281 1224 346 1304 qui,
369 1236 435 1285 non
454 1244 528 1293 cum
544 1224 697 1294 Romanis
717 1225 865 1308 quidem,
884 1227 941 1290 sed
960 1227 993 1287 in
1015 1224 1166 1297 Italiam-

84 1336 87 1342 '
150 1345 224 1388 tuen
255 1326 370 1389 bellum
399 1344 531 1406 gerens,
547 1324 669 1388 dicere
698 1326 809 1391 solitus
838 1339 906 1403 est,
937 1346 972 1390 sc
1006 1325 1041 1389 in
1066 1327 1164 1402 vires,

146 1437 297 1505 nepotem
316 1445 409 1489 suum
429 1423 461 1487 in
479 1423 621 1487 foeminas
640 1424 798 1493 incidisse.
834 1429 992 1493 Praeterea
1010 1448 1166 1495 summum

146 1526 210 1590 luit
229 1547 354 1606 semper
373 1525 497 1587 virtutis
517 1525 656 1587 studium
675 1526 766 1604 mihi,
795 1530 880 1593 nulle
897 1529 1006 1612 gloriae
1018 1527 1086 1593 ritis
1110 1537 1166 1593 aut

142 1625 305 1689 avaritiae.
335 1626 449 1706 Neque
481 1624 566 1689 enim
586 1623 629 1688 ite
655 1627 746 1691 erexi
767 1631 904 1711 trophaea
923 1627 1017 1704 mihi,
1043 1638 1079 1693 ut
1098 1630 1166 1697 tto·

146 1726 244 1791 menis
277 1725 401 1803 dejeci,
432 1739 486 1790 aut
513 1748 573 1809 pro
595 1728 716 1810 ,opibus
744 1730 796 1794 vel
823 1727 957 1809 imperio
984 1725 1165 1798 decertavi:

148 1829 205 1892 scd
223 1828 284 1891 luit
303 1828 379 1892 mihi
398 1850 530 1910 scopus,
563 1829 605 1891 ed
626 1849 723 1912 quem
746 1828 852 1895 direxi
871 1828 1000 1904 omme,
1028 1828 1164 1893 reddere

146 1928 181 1990 vi
200 1928 375 2008 ademptam
394 1927 502 2007 patries
519 1917 709 2003 libertatem
730 1927 848 2011 egique
867 1938 972 1994 totum.
984 1928 1165 2009 insummlt

147 2026 320 2090 virtutibus
333 2039 467 2104 etatem,
488 2029 591 2093 donec
604 2039 768 2111 premente
786 2027 960 2093 domestice
977 2026 1114 2105 invidia,
1133 2039 1167 2093 et

138 2126 402 2210 propinquorum
428 2128 504 2192 dolo
528 2128 650 2193 lacinus
680 2140 839 2211 patrante,
869 2128 1005 2193 liberum
1033 2139 1066 2193 et
1096 2149 1165 2213 om·

146 2226 234 2293 nium
253 2226 409 2293 victorem
433 2231 496 2293 huc
514 2229 666 2304 sniururn,
698 2249 739 2292 ex
760 2227 953 2294 conscientia
971 2228 1165 2312 optimorum

146 2327 181 2391 iu
206 2325 335 2409 patriam
354 2326 558 2405 meritorum,
587 2350 624 2392 ec
648 2328 720 2393 vitre
749 2350 809 2411 per
835 2329 950 2397 omniu.
965 2329 1049 2394 bene
1079 2342 1165 2409 amar,

141 2427 334 2492 transmisi?
363 2429 432 2499 lem
452 2439 560 2505 tuum,
578 2429 709 2508 Minos,
728 2441 794 2508 est,
827 2431 1050 2509 considerare,
1069 2453 1166 2516 quern

149 2529 225 2600 milri
251 2529 402 2611 praeterre
429 2530 527 2608 velis,
559 2529 616 2611 qui
646 2534 696 2594 vel
723 2553 765 2596 ex
788 2529 928 2614 graviori
954 2531 1098 2614 angustia
1125 2534 1166 2597 ad

149 2641 264 2695 tantem
285 2652 342 2695 sue
364 2630 480 2701 virtute
500 2629 737 2713 amplitudinem
754 2631 936 2708 emerserit,
966 2633 1019 2694 vel
1045 2629 1167 2713 majora

146 2731 227 2793 bella
246 2731 397 2814 gesserit,
429 2735 480 2795 vel
509 2732 657 2796 scientius
687 2752 755 2794 rem
783 2730 948 2795 militarem
974 2730 1164 2823 trqctrverit,

146 2833 199 2897 vel
216 2832 398 2916 equabilius
408 2832 577 2917 imperium
592 2830 871 2910 administraverit,
890 2833 941 2894 vel
954 2832 1085 2903 meliore
1103 2853 1163 2914 pro

147 2954 240 2996 causa
262 2954 345 2996 arma
363 2932 547 3016 sumpserit,
568 2935 619 2996 vel
643 2931 780 3013 majores
793 2931 878 2996 vires
892 2932 1095 3010 contriverit,
1113 2935 1165 2999 vel

146 3037 249 3099 minus
280 3034 314 3095 in
337 3037 402 3098 vita
426 3033 649 3116 cupiditatibus
667 3034 807 3110 dederit,
839 3035 892 3097 vel
917 3033 1110 3098 constantius
1131 3033 1165 3098 in

145 3132 234 3197 bono
253 3134 435 3214 perstiterit.
465 3135 518 3219 ‚Iu
542 3130 681 3212 sumina,
712 3134 784 3218 quis
804 3133 845 3208 sit
864 3133 1020 3212 omnium,
1041 3133 1097 3220 qui
1115 3136 1163 3200 his

146 3234 291 3299 leudibus
319 3236 549 3315 excelluerunt,
580 3237 620 3301 ad
644 3257 739 3324 quem
758 3250 793 3300 tu
810 3235 924 3318 primas
952 3237 1071 3319 optimo
1091 3240 1163 3325 jure

145 3336 279 3399 referes.

582 3442 728 3504 Minos.
948 3522 952 3529 Ι

203 3541 399 3604 Generosam
409 3538 556 3626 prolecto
568 3556 602 3606 et
611 3563 678 3604 non
690 3559 812 3608 summo
825 3549 943 3603 tantum
956 3530 1163 3620 imperatore,
1178 3542 1181 3547 “

144 3662 257 3705 verum
283 3628 370 3704 bono
395 3640 490 3707 etism
510 3639 581 3704 viro
609 3626 737 3726 dignum
760 3639 867 3704 habuit
892 3639 1068 3705 cretionem
1093 3636 1162 3717 iste.

144 3743 251 3824 Atque
273 3741 419 3820 deesse,
442 3754 477 3805 ut
497 3741 653 3819 narravit,
674 3741 795 3817 omnia,
822 3760 929 3825 neque
945 3739 1064 3825 aliquid
1078 3739 1164 3802 affin*

144 3843 230 3903 xissc
239 3844 397 3907 cumscio.
407 3845 565 3930 Equidem
573 3841 700 3908 memini
711 3842 890 3905 admiratum
898 3863 948 3904 mc
959 3852 1043 3917 tunc,
1057 3839 1162 3915 istius·

144 3940 231 4004 modi
250 3941 337 4004 ferre
355 3942 540 4029 industriam
553 3943 763 4007 Barbaricum.
802 3944 903 4024 Quum
923 3941 965 4006 ob
984 3964 1066 4018 rem,
1088 3963 1161 4006 cum

143 4054 175 4106 et
195 4042 343 4125 optimam
361 4042 420 4105 istc
439 4056 571 4108 conatus
591 4044 641 4108 sui
661 4064 785 4106 censam
801 4042 963 4119 habuerit,
975 4090 977 4095 .
989 4060 1022 4105 et
1042 4052 1161 4107 tantum

144 4144 248 4205 animo
283 4163 319 4205 ac
345 4143 461 4205 virtute
492 4143 680 4228 militarique
712 4144 841 4208 scientie
875 4143 1025 4218 valuerit,
1053 4165 1160 4226 neque

144 4243 345 4327 cliter‘quem
365 4239 406 4305 etl
425 4244 531 4326 patrias
551 4247 752 4309 commodum
773 4243 963 4327 periclitatus
982 4242 1038 4320 sit,
1070 4242 1174 4304 mini·'

144 4364 293 4427 mumque
311 4343 396 4416 vitiis
414 4346 621 4422 concesserit,
644 4367 709 4409 nou
728 4347 840 4423 video,
859 4364 919 4429 per
937 4343 1068 4410 lovem!
1089 4342 1161 4428 quis
