2618 5108
470 866 587 940 .Bu!!a
633 862 822 964 Dialogus.
855 864 858 871 ’

584 1060 713 1121 Bulla.

212 1159 333 1226 Desine
358 1159 569 1242 perditissime
593 1180 725 1236 eorum,
773 1178 856 1244 quoe
881 1168 966 1221 terra
982 1155 1065 1234 fert,
1098 1178 1164 1221 om·

136 1260 235 1325 nium.
629 1278 636 1291 ’

538 1370 756 1432 Huttenue.

212 1470 333 1552 Accipe
352 1491 490 1555 nequem
509 1471 616 1534 Bulla!

589 1580 716 1643 Bulla.

208 1683 278 1745 Non
299 1703 369 1745 sum
388 1701 488 1768 capax
506 1679 601 1761 hujus
621 1669 749 1763 generi·
767 1699 944 1744 munerum.

535 1791 748 1853 Iluttenua.
811 1826 814 1832 ·

212 1895 256 1956 At
276 1913 345 1957 csse
364 1890 467 1980 disces
487 1889 700 1953 assuetudine.

583 2000 718 2062 Bniia.

212 2103 275 2165 Dic
295 2101 454 2184 improbe,
476 2100 543 2175 dic,
565 2100 637 2184 quie
656 2122 707 2164 me
726 2099 784 2163 tibi
803 2100 837 2163 in
855 2099 1051 2183 disciplinam
1069 2103 1165 2166 tradi·

137 2205 199 2280 dit,
222 2215 258 2266 ut
281 2203 336 2264 abs
355 2214 386 2266 te
407 2200 528 2265 erudiri
548 2213 692 2282 oporteat
712 2202 870 2265 invitam?

549 2312 762 2375 Huttenus.

213 2412 286 2494 Ego
305 2409 424 2475 adscivi
444 2412 538 2474 ultro.
643 2450 645 2454 =

563 2548 566 2554 ’
590 2521 744 2583 Bulla.¹

210 2620 331 2697 Barde,
363 2621 505 2704 stupide,
525 2622 592 2705 .qni
613 2624 673 2685 boc
694 2632 840 2684 attentes.
886 2619 988 2705 igitur
1006 2622 1075 2685 aine
1093 2620 1168 2685 binc

136 2719 225 2782 abire
244 2743 310 2798 mc,
332 2745 399 2807 quo
420 2744 490 2786 eum
509 2722 618 2786 missa!

547 2834 764 2895 Hnitenua.

211 2931 275 2994 Ubi
296 2932 375 3015 qnid
394 2931 516 2995 facies?

594 3043 721 3106 b'uila.

212 3141 321 3221 Ipsum
332 3143 420 3225 quod
432 3141 514 3214 dixi,
536 3145 575 3207 ad
589 3143 678 3227 quod
691 3141 846 3216 instituta,
860 3150 985 3215 ornata,
1007 3139 1041 3200 in
1054 3135 1168 3200 ordine

136 3251 250 3303 cuncta
268 3242 382 3304 habco.
420 3246 462 3306 Et
480 3245 542 3325 jam
561 3257 686 3327 tempus
705 3255 772 3319 est,
799 3252 871 3304 sunt
890 3240 1034 3304 homines
1045 3285 1055 3316 ‚
1077 3249 1109 3302 et
1129 3239 1168 3303 ad

136 3359 262 3404 manum
281 3343 423 3422 occasio,
462 3361 499 3410 ut
519 3367 679 3445 utinquam
700 3346 810 3409 melius
831 3343 964 3406 licuerit.

547 3455 764 3517 Huttcnua.

214 3552 359 3615 Eximam
380 3553 440 3615 hoc
458 3572 522 3636 ego
543 3554 600 3616 tibi
620 3575 715 3619 manu
739 3552 949 3618 manubrium.
987 3550 1063 3632 Quo
1082 3548 1168 3631 iugi·

137 3653 207 3717 tas?
225 3653 283 3715 Me
304 3657 426 3735 specta!
458 3665 494 3715 ut
514 3653 669 3739 irngtdem
689 3655 833 3730 incessu,
864 3650 989 3726 habitu,
1023 3650 1098 3714 iacit
1119 3649 1165 3726 se,

140 3773 207 3815 rem
229 3775 298 3816 csse
320 3756 491 3817 arbitretur
511 3756 594 3837 quir.
632 3756 770 3837 Respice
788 3756 820 3818 in
840 3741 914 3829 me,
933 3752 1074 3835 respice!
1095 3751 1168 3815 Pla·

140 3854 188 3938 gis
212 3856 448 3920 conse-indenda
466 3877 518 3929 cs,
540 3859 636 3931 maia,
656 3859 813 3921 malefica!
1236 3843 1240 3858 ⁵

583 3967 711 4030 Bulla.

215 4066 313 4127 Ferte
335 4085 428 4147 opem
448 4063 541 4140 mihi,
562 4079 629 4130 este
648 4067 768 4131 anxilio
793 4065 837 4149 pii
856 4065 977 4148 ubique
999 4065 1164 4128 Germani!

138 4165 219 4229 ferte
247 4168 407 4247 suppetias
436 4167 592 4231 violenter
621 4160 750 4233 afflicto.
803 4167 865 4230 Hic
892 4178 940 4231 est
962 4167 1078 4242 bomo,
1110 4168 1165 4248 qui

139 4268 236 4332 bullas
254 4266 380 4349 affligit,
402 4275 536 4333 Leonem
555 4280 595 4333 Χ.
614 4272 706 4334 ludos
726 4268 812 4333 iacit.

547 4381 760 4443 Huttenns.
840 4401 847 4418 ⁸

214 4458 266 4539 Tu
288 4478 400 4560 vapula
418 4478 560 4542 interim!
671 4490 674 4495 ’
