2618 5108
509 120 514 135 t

508 140 512 151 Ι

495 206 502 219 e

441 290 486 307 a..

505 406 510 415 ι

511 454 517 467 ι

137 801 218 883 tta
386 793 464 871 ott
488 791 686 871 Brunfelaii
706 793 915 893 Rcapoueio

140 988 294 1069 imputas,
324 987 405 1051 Sunt
423 983 506 1048 enim
524 974 763 1069 pnetremiuimi
776 985 920 1069 quidam,
943 983 1015 1068 qui,
1030 1005 1109 1049 cam
1129 1007 1169 1052 ae

140 1091 266 1175 »liquot
298 1088 402 1153 videri
432 1090 560 1165 uolunt,
593 1108 630 1151 ea
661 1087 772 1151 dicunt
806 1106 843 1148 ae
871 1083 1011 1164 iaciunt,
1042 1108 1114 1169 quaa
1147 1107 1169 1149 ι

140 1188 302 1253 communi
323 1189 494 1253 abhorrent
512 1188 762 1264 consuetudine,
791 1198 932 1268 tuncque
952 1187 1079 1275 vanitati
1096 1208 1168 1261 sup

140 1282 277 1357 Lethen
302 1310 420 1353 nomen
447 1299 638 1369 pretoriani.
692 1289 764 1351 flos
795 1299 831 1351 tu
859 1286 941 1364 haud
969 1286 1117 1368 ignoras,
1146 1310 1168 1352 a

140 1390 285 1461 liuthero
319 1388 400 1453 nihil.
435 1389 552 1455 haltere
582 1397 614 1450 et
640 1388 750 1450 dicere
781 1388 895 1461 audes,
928 1407 994 1448 non
1026 1387 1166 1451 idoneos

140 1509 229 1565 esse,
251 1490 306 1572 qui
326 1487 618 1552 honestissimorum
638 1488 780 1552 virorum
801 1488 963 1550 consortio
983 1488 1166 1551 adscriban-

141 1601 204 1655 tur.
243 1592 358 1673 Neque
375 1588 469 1651 facile
489 1587 605 1663 credo,
637 1599 756 1652 tanturn
769 1609 843 1659 ense
863 1589 946 1664 otii,
966 1599 1003 1651 ut
1023 1609 1081 1649 nos
1103 1591 1164 1652 hac

139 1689 258 1773 injuria
277 1703 423 1774 metatos
444 1692 533 1757 uelis.
571 1691 649 1772 Qun
669 1700 895 1770 potestantem
914 1710 984 1752 ease
1005 1690 1164 1753 Lutheru·

138 1810 257 1857 norum
276 1791 342 1868 vie,
363 1811 490 1876 queso,
520 1790 555 1853 in
575 1801 659 1852 tantu
678 1790 1047 1863 circumGermanorum
1066 1789 1165 1853 Priu-

139 1893 248 1974 uipum
266 1903 382 1966 contra¹
398 1914 458 1964 noe
477 1891 738 1973 conspiratione?
757 1890 916 1971 Equidem
936 1889 1064 1951 Basilce
1084 1890 1164 1955 nitri
1224 1878 1226 1883 ’

140 1994 265 2072 audivi,
304 2015 495 2077 quemquam
523 2013 681 2074 pugnare,
714 2001 749 2052 ut
774 1992 825 2053 vel
844 2002 878 2051 tu
914 1993 963 2051 vel
992 1989 1164 2075 quisquam
1200 1999 1206 2012 ·

139 2094 221 2163 elius
241 2096 376 2159 Lntheri
400 2105 494 2159 esset.
529 2094 572 2155 Et
593 2091 819 2169 Wittenbergaa
848 2091 931 2153 haud
951 2091 1061 2167 (lubitu
1082 2095 1163 2177 quin

138 2196 217 2263 nulli
233 2197 314 2272 sint,
342 2195 399 2278 qui
416 2197 477 2258 tale
495 2195 658 2269 studeant,
679 2213 766 2266 eum,
787 2191 863 2273 quia
881 2194 1030 2256 hactenus
1049 2215 1163 2261 secun

138 2307 171 2361 te
189 2317 262 2359 esse
273 2297 493 2365 crediderunt:
511 2306 579 2357 tum
596 2314 693 2368 vero,
713 2290 798 2375 quia,
811 2314 876 2376 qno
893 2293 1025 2373 propius
1038 2295 1163 2357 Lutlte·

137 2414 209 2461 rum
229 2396 364 2471 vivitur,
395 2416 435 2457 eo
456 2397 525 2474 plna
546 2416 587 2455 ex
608 2392 688 2456 illius
708 2392 820 2472 spiritu
838 2393 986 2457 hauriunt
1004 2394 1162 2458 homines.

139 2495 218 2576 Quae
238 2494 372 2557 Lutheri
391 2505 496 2556 autem
521 2515 608 2555 mene
637 2504 700 2568 est,
734 2503 886 2576 quantum
917 2495 957 2556 ad
983 2495 1162 2558 affectionis

138 2616 198 2681 per
214 2604 248 2656 te
267 2594 459 2659 concitandae
486 2605 620 2669 metum,
652 2613 719 2655 non
749 2593 945 2674 redemptum
977 2616 1043 2658 asse
1069 2594 1161 2661 vetit.

138 2695 344 2769 Praedicando
364 2694 572 2778 Evangelium
591 2690 758 2773 conjunxit
783 2705 815 2755 et
834 2695 1064 2759 multitudinem
1085 2695 1161 2773 sibi,

139 2795 339 2877 uelChrieto
368 2795 492 2877 potius,
523 2807 555 2856 et
580 2814 750 2876 procerum
767 2793 883 2856 bonum
908 2807 1038 2874 partem.
1069 2797 1162 2861 Idem

20 2956 25 2969 .
139 2910 245 2982 eperat
269 2898 385 2961 deinde
407 2896 565 2960 facturum
586 2915 638 2969 se;
665 2915 771 2977 neque
796 2916 934 2979 unquam
963 2895 1065 2971 timet,
1100 2919 1163 2961 ne·

140 2999 218 3083 quid
237 3009 291 3075 tu,
310 3001 362 3061 vel
391 2996 576 3081 quicunque
595 3006 707 3057 contra
731 2996 940 3078 Evangelium
963 2997 1162 3061 obtinentes

140 3101 302 3173 Hactenus
322 3099 363 3162 de
381 3096 521 3161 factiosis
534 3096 722 3158 Lutlieranis
735 3097 904 3158 Huttenus.
919 3133 951 3144 -
972 3099 1000 3160 N
1005 3119 1064 3160 une
1083 3099 1161 3165 audi

138 3197 398 3274 rhetoricantem,
427 3198 512 3265 uude
538 3195 693 3277 mollierit
711 3199 772 3259 hoc
790 3217 923 3275 nomen,
944 3210 973 3261 et
993 3200 1162 3281 quomodo

137 3296 218 3364 terri
243 3307 276 3360 et
304 3295 459 3361 nominari
488 3294 597 3378 possit.
646 3297 696 3374 „A
715 3317 785 3374 me,
810 3297 927 3380 inquit,
951 3321 1070 3382 quaeres
1091 3300 1163 3365 tor·

138 3411 240 3478 mee,
260 3419 320 3460 eur
338 3419 389 3462 me
405 3396 482 3461 huie
500 3395 547 3460 rei
566 3395 770 3474 immisceant,
793 3420 889 3482 quern
908 3411 943 3463 tu
965 3422 1024 3481 pro
1037 3402 1162 3465 Luthe·

138 3521 218 3568 rano
236 3519 399 3583 uunquam
417 3495 573 3562 habueris.
611 3498 724 3581 Neque
747 3521 798 3563 me
818 3500 922 3580 ipsum
940 3502 1162 3567 Lutheranum

139 3603 231 3680 dico,
257 3613 313 3667 aut
332 3593 373 3666 ab
391 3600 458 3663 aliia
476 3597 540 3662 dici
557 3597 692 3662 libenter
711 3599 834 3662 audi0.“
870 3603 913 3663 Et
944 3604 1039 3681 paulo
1066 3615 1161 3683 posti

140 3706 242 3786 ,Qun
256 3723 334 3785 ago,
354 3700 477 3785 inquit,
497 3698 572 3782 quia
591 3711 623 3761 et
641 3698 825 3784 priusquam
838 3700 1008 3782 inciperet,
1028 3726 1163 3787 aggres-

139 3825 193 3868 sus
212 3823 302 3880 aum,
333 3812 367 3866 et
376 3822 447 3882 ,pro
463 3819 536 3863 *mea
555 3799 637 3863 virili
657 3800 858 3881 pertinaciter
888 3801 922 3863 in
948 3802 1033 3866 hunc
1053 3827 1161 3887 utque

138 3903 224 3969 diem
242 3901 307 3982 egi.
343 3898 566 3985 Quoniemqne
583 3900 662 3964 boni
681 3920 749 3966 esee
765 3899 826 3963 viri
846 3902 947 3979 duco,
964 3925 1024 3986 per
1042 3905 1163 3970 verita·

137 4002 178 4066 tie
196 4002 431 4084 corifessipnem
462 4000 615 4084 requitatis
646 4002 813 4066 vindictam
840 4002 961 4089 ubique
980 4017 1013 4067 et
1031 4027 1162 4090 semper

137 4104 290 4189 protense
309 4104 433 4187 pattite3
454 4101 623 4167 Christiani
636 4125 714 4167 vero
734 4125 793 4186 pro
814 4103 931 4188 pietate
952 4108 1044 4170 etiam
1064 4110 1160 4199 mort,
1181 4172 1184 4178 ,

137 4204 246 4272 ehoe
264 4225 316 4271 res
335 4207 492 4289 postulet,
512 4205 626 4269 malum
647 4206 865 4270 Lutheranum
884 4208 946 4271 dici
966 4229 1034 4285 me,
1057 4231 1161 4293 qnan-

137 4305 312 4393 doquidem
329 4307 376 4370 tic
394 4315 565 4382 vocantur,
596 4307 653 4391 qui
672 4309 733 4371 hoc
753 4319 853 4391 agunt
899 4330 993 4392 quarn
1022 4311 1162 4399 officium

136 4412 298 4480 decuere.
336 4409 548 4495 Quamquam·
561 4404 658 4491 igitur
684 4427 745 4472 nee
762 4407 913 4491 magistro
941 4410 985 4474 ibi
1006 4435 1082 4477 usus
1102 4413 1159 4481 ille
