2618 5108
338 771 513 844 adversus
536 768 773 869 adspergiues
792 771 958 865 Hutteni.
1093 771 1166 852 tor

149 960 269 1026 'versari
287 961 321 1026 in
338 961 569 1042 byp'ocaustis.l
607 963 733 1026 Interea
757 963 892 1028 discedit
907 967 1076 1030 Huttenus'
1088 966 1165 1030 Mil·

148 1064 295 1127 thusium.
344 1066 456 1126 Narrat
479 1064 744 1145 Eppendorpius,
776 1085 870 1148 quam
887 1058 1021 1129 feliciter
1040 1068 1162 1149 elapsus

148 1176 231 1226 esset
245 1184 264 1225 e
279 1163 438 1246 periculis.
476 1166 524 1227 Ea
541 1185 592 1228 res
609 1163 685 1227 mibi
703 1166 897 1246 voluptatem
913 1168 1024 1229 attulit.
1058 1169 1162 1233 Testis

148 1265 231 1326 enim
256 1285 326 1327 esse
352 1275 458 1347 potest
475 1263 738 1348 Eppendorpius,
762 1286 813 1328 me
842 1263 875 1327 id
900 1267 1050 1349 temporis
1069 1269 1164 1332 etiarn

150 1365 255 1427 animo
280 1363 418 1429 sollicito·
439 1363 555 1440 luisse,
576 1385 617 1425 ne
638 1365 716 1449 quid
735 1366 890 1429 accideret
908 1368 1050 1430 Hutteno
1070 1389 1161 1433 secus

150 1487 244 1548 quam
264 1468 422 1528 vellemus.
460 1466 572 1547 Itaque
591 1485 662 1527 cnm
681 1485 722 1528 eo
747 1466 906 1529 rediturus
927 1478 1010 1530 esset
1033 1471 1164 1550 Eppon-

148 1566 299 1646 dorpius,
334 1565 533 1628 oneravimus
553 1587 626 1628 eum
644 1567 811 1642 mandatis,
844 1567 1028 1631 arimoneret
1048 1570 1163 1633 Hutt‘e·

146 1687 238 1740 num,
269 1686 309 1728 ne
341 1667 506 1729 securitate
533 1687 589 1729 sua
615 1666 739 1728 veniret
769 1668 803 1728 in
829 1666 959 1751 aliquod
977 1670 1160 1750 periculum,

145 1786 212 1827 non
231 1766 314 1828 enim
328 1767 456 1842 deesse,
478 1765 533 1848 qui
545 1776 736 1829 venarentur
748 1766 851 1843 illum,
873 1769 1002 1831 haberet
1016 1783 1163 1851 suspecta

146 1865 260 1927 onmia.
298 1866 450 1929 Ediderat
475 1865 611 1929 libellum
638 1866 803 1950 quemdam
826 1867 860 1930 in
886 1868 1042 1932 medicum
1068 1869 1162 1952 hujus
1186 1882 1190 1887 '

145 1966 252 2040 urbis,
284 1969 375 2046 plane
395 1966 572 2029 ridiculum.
623 1965 766 2030 Mirabar
785 1968 869 2048 apud
888 1970 1162 2050 Eppendorpiurn‚

143 2069 230 2130 unde
267 2068 308 2129 illi
337 2066 526 2143 inmorbo,
564 2066 596 2128 in
626 2077 707 2130 tanta
725 2088 832 2130 rerum
858 2068 1016 2150 angustia,
1043 2080 1163 2132 tantum

143 2168 218 2243 otii,
247 2179 284 2230 ut
302 2157 425 2230 luderet
445 2167 556 2230 talibus
576 2166 697 2230 libellis.
735 2167 930 2249 Respondit,
944 2167 1030 2230 illum
1050 2169 1163 2233 talibus

143 2268 223 2348 jocis
240 2289 375 2330 avocare
391 2266 526 2330 animum
539 2289 642 2331 suum.
662 2267 820 2343 ,‚Mallem,
843 2267 989 2350 inquam,
1003 2268 1092 2331 illurn
1106 2271 1165 2331 bac

141 2380 230 2430 aetate
250 2369 309 2430 sibi
329 2367 482 2450 deligeret
501 2368 629 2451 aliquod
648 2379 885 2449 argumentum,
904 2368 940 2431 in
959 2391 1025 2446 quo
1045 2390 1163 2434 nervos

144 2490 253 2532 omnes
280 2467 399 2549 ingenii
427 2470 594 2548 expediat,
627 2477 658 2529 et
686 2488 744 2549 per
773 2470 861 2550 quod
886 2469 1010 2533 honesti
1028 2466 1163 2531 nominis

141 2570 323 2632 memoriam
339 2568 523 2631 transmittat
537 2569 576 2629 ad
591 2574 762 2650 posteros.“
783 2570 961 2650 Respondit
974 2571 1166 2652 Eppendor·

141 2670 231 2752 pius,
252 2671 353 2743 ,illum
371 2680 472 2731 totum
485 2669 518 2730 in
532 2668 593 2730 boc
605 2687 687 2744 esse,
704 2679 739 2731 ut
750 2669 853 2731 stilum
865 2668 1069 2733 absolveret.“
1087 2672 1165 2735 Hoc

141 2770 217 2832 dum
238 2791 300 2851 ego
321 2770 452 2849 simplex
472 2779 503 2828 et
529 2769 680 2832 candidus
699 2770 815 2832 amicus
835 2769 967 2832 sollicite
986 2790 1081 2832 verso
1100 2789 1161 2852 pro

141 2891 213 2933 meo
239 2872 397 2945 Hutteno,
429 2867 512 2931 redit
530 2869 569 2930 ab
590 2869 643 2932 illo
663 2869 928 2951 Eppendorpius,
962 2869 1160 2948 annuntians,

140 2972 317 3032 Huttenum
336 2972 536 3033 vehementer
554 2969 587 3030 in
606 2991 656 3034 rne
675 2971 879 3055 stomachari,
902 2984 933 3036 et
953 2971 1062 3033 nescio
1083 2960 1162 3054 quid

140 3071 254 3133 atrocis
270 3071 365 3132 libelli
379 3071 547 3133 adversum
560 3092 611 3134 me
626 3071 741 3134 habere
757 3071 789 3134 in
804 3072 957 3136 manibus.
978 3075 1025 3134 Ea
1040 3094 1101 3146 res,
1127 3080 1166 3134 ut

142 3171 257 3250 obtigit
277 3181 388 3250 praeter
406 3170 550 3233 meritum
570 3181 602 3232 et
630 3172 898 3252 expectationem,
928 3175 1070 3237 novitate
1097 3171 1165 3253 ipsa

141 3266 306 3350 percelluit
336 3270 470 3332 animum
497 3291 612 3334 meum.
658 3272 816 3355 Roganti,
844 3272 921 3356 quid
940 3284 1023 3337 esset
1050 3293 1162 3351 causae,

141 3369 307 3448 respondit
326 3372 586 3452 Eppendorpr'us,
607 3373 669 3435 hoc
688 3394 782 3437 urere
798 3372 881 3436 illius
898 3373 1051 3448 animum,
1074 3373 1184 3462 quod¹

141 3491 207 3532 nou
227 3481 307 3532 esset
326 3471 477 3535 admissus
492 3472 533 3533 ad
551 3472 755 3556 colloquium.
781 3475 913 3557 „Atqui,
933 3475 1077 3558 inquam,
1098 3469 1163 3554 aje-

138 3571 194 3635 bes
209 3571 292 3633 illurn
303 3573 364 3634 hoc
381 3572 458 3635 boni
470 3574 635 3635 consulere
646 3579 672 3634 :“
685 3595 821 3649 „verum
841 3574 955 3657 inquit,
967 3576 1024 3636 sed
1037 3582 1163 3654 postea·

141 3693 235 3755 quam
255 3673 346 3748 abiit,
383 3673 461 3735 mire
481 3671 575 3753 coepit
594 3673 730 3749 offendi,
759 3695 819 3737 nec
836 3661 963 3738 videtur
983 3695 1077 3752 posse
1096 3675 1161 3753 pla·

137 3772 229 3835 caris
266 3775 337 3837 Jam
363 3775 389 3837 is
416 3793 527 3837 rumor
551 3772 646 3837 latius.
663 3773 757 3838 etiam
776 3775 1000 3858 spargebatur,
1021 3774 1101 3836 adeo
1127 3783 1162 3839 ut

136 3885 255 3943 Beatus
275 3895 405 3958 quoque
429 3855 604 3944 Rhsndnus
633 3874 784 3939 sollicitus
819 3875 919 3938 adiret
950 3896 1021 3937 me:
1056 3873 1083 3937 is
1110 3894 1161 3936 me

138 3978 339 4059 permittente
367 3979 499 4041 accersit
531 3991 562 4045 et
589 3974 868 4058 Eppeodorpius.·
892 3975 1099 4039 Consultatur
1119 3975 1160 4036 dc
1243 4035 1246 4039 .

136 4078 291 4141 remedio.
332 4078 508 4158 Respondi,
528 4101 579 4144 me
598 4098 665 4141 non
690 4096 784 4159 posse
805 4087 969 4158 prestere,
989 4076 1068 4158 quid
1085 4076 1160 4140 buic

137 4189 190 4239 aut
211 4180 253 4242 illi
278 4177 385 4239 subito
406 4177 513 4241 veniat
532 4178 565 4241 iu
583 4188 730 4242 mentem.
767 4175 849 4239 Mihi
869 4175 941 4238 setis
961 4197 1050 4252 esse,
1070 4178 1160 4257 quod

136 4281 273 4343 animum
293 4289 450 4361 praestem,
466 4279 524 4359 *eui
543 4285 636 4342 n'cmo
655 4276 768 4341 merito
790 4288 898 4357 posset
918 4275 1020 4338 irasci.
1059 4277 1162 4348 ,Ram

136 4381 227 4464 quod
251 4380 291 4441 ad
316 4378 510 4464 colloquirinr
530 4380 655 4456 attinet,
683 4389 719 4442 tu
747 4378 825 4455 scis,
853 4376 1001 4462 iuquam,
1032 4376 1163 4456 Eppon-
