<?xml version="1.0" encoding="UTF-8"?>
<!DOCTYPE html PUBLIC "-//W3C//DTD XHTML 1.0 Transitional//EN"
    "http://www.w3.org/TR/xhtml1/DTD/xhtml1-transitional.dtd">
<html xmlns="http://www.w3.org/1999/xhtml" xml:lang="en" lang="en">
 <head>
  <title>
</title>
<meta http-equiv="Content-Type" content="text/html;charset=utf-8" />
  <meta name='ocr-system' content='tesseract 3.04.00' />
  <meta name='ocr-capabilities' content='ocr_page ocr_carea ocr_par ocr_line ocrx_word'/>
</head>
<body>
  <div class='ocr_page' id='page_1' title='image "./ulrichiabhutten00mngoog_0395.png"; bbox 0 0 2618 5108; ppageno 0'>
   <div class='ocr_carea' id='block_1_1' title="bbox 474 715 1152 882">
    <p class='ocr_par' dir='ltr' id='par_1_1' title="bbox 474 715 1152 882">
     <span class='ocr_line' id='line_1_1' title="bbox 474 715 1152 882; baseline 0.021 -27"><span class='ocrx_word' id='word_1_1' title='bbox 474 718 478 722; x_wconf 78' lang='lat'><em>-</em></span> <span class='ocrx_word' id='word_1_2' title='bbox 511 715 781 882; x_wconf 55' lang='lat' dir='ltr'><strong>Expostutatto}</strong></span> <span class='ocrx_word' id='word_1_3' title='bbox 820 728 822 730; x_wconf 90' lang='lat'>·</span> <span class='ocrx_word' id='word_1_4' title='bbox 1075 772 1152 870; x_wconf 57' lang='lat' dir='ltr'><strong>fill</strong></span> 
     </span>
    </p>
   </div>
   <div class='ocr_carea' id='block_1_2' title="bbox 10 975 1247 4504">
    <p class='ocr_par' dir='ltr' id='par_1_2' title="bbox 10 975 1247 4504">
     <span class='ocr_line' id='line_1_2' title="bbox 123 975 1155 1060; baseline 0.013 -22"><span class='ocrx_word' id='word_1_5' title='bbox 123 995 191 1060; x_wconf 82' lang='lat' dir='ltr'><strong>quo</strong></span> <span class='ocrx_word' id='word_1_6' title='bbox 217 975 294 1040; x_wconf 85' lang='lat' dir='ltr'><strong>tales</strong></span> <span class='ocrx_word' id='word_1_7' title='bbox 326 976 516 1040; x_wconf 77' lang='lat' dir='ltr'><strong>extrarbete</strong></span> <span class='ocrx_word' id='word_1_8' title='bbox 545 980 673 1060; x_wconf 86' lang='lat' dir='ltr'><strong>templo.</strong></span> <span class='ocrx_word' id='word_1_9' title='bbox 712 978 846 1044; x_wconf 88' lang='lat' dir='ltr'><strong>Scimus.</strong></span> <span class='ocrx_word' id='word_1_10' title='bbox 885 981 948 1046; x_wconf 87' lang='lat' dir='ltr'><strong>Sed</strong></span> <span class='ocrx_word' id='word_1_11' title='bbox 970 981 1098 1048; x_wconf 87' lang='lat' dir='ltr'><strong>interim</strong></span> <span class='ocrx_word' id='word_1_12' title='bbox 1114 987 1155 1051; x_wconf 76' lang='lat' dir='ltr'><strong>ta</strong></span> 
     </span>
     <span class='ocr_line' id='line_1_3' title="bbox 122 1074 1247 1169; baseline 0.008 -32"><span class='ocrx_word' id='word_1_13' title='bbox 122 1080 226 1138; x_wconf 84' lang='lat' dir='ltr'><strong>exalta</strong></span> <span class='ocrx_word' id='word_1_14' title='bbox 244 1098 357 1139; x_wconf 84' lang='lat' dir='ltr'><strong>vocem</strong></span> <span class='ocrx_word' id='word_1_15' title='bbox 380 1087 475 1139; x_wconf 88' lang='lat' dir='ltr'><strong>tuam.</strong></span> <span class='ocrx_word' id='word_1_16' title='bbox 517 1074 635 1142; x_wconf 78' lang='lat' dir='ltr'><strong>Clamo.</strong></span> <span class='ocrx_word' id='word_1_17' title='bbox 675 1081 724 1143; x_wconf 80' lang='lat' dir='ltr'><strong>tte</strong></span> <span class='ocrx_word' id='word_1_18' title='bbox 749 1101 865 1146; x_wconf 85' lang='lat' dir='ltr'><strong>cesses.</strong></span> <span class='ocrx_word' id='word_1_19' title='bbox 912 1085 1077 1148; x_wconf 88' lang='lat' dir='ltr'><strong>Annuntia</strong></span> <span class='ocrx_word' id='word_1_20' title='bbox 1096 1092 1158 1169; x_wconf 88' lang='lat' dir='ltr'><strong>po&#39;·</strong></span> <span class='ocrx_word' id='word_1_21' title='bbox 1244 1078 1247 1082; x_wconf 42' lang='lat'><strong>⁴</strong></span> 
     </span>
     <span class='ocr_line' id='line_1_4' title="bbox 10 1177 1156 1264; baseline 0.012 -27"><span class='ocrx_word' id='word_1_22' title='bbox 10 1180 14 1186; x_wconf 74' lang='grc'><em>’</em></span> <span class='ocrx_word' id='word_1_23' title='bbox 120 1179 199 1258; x_wconf 87' lang='lat' dir='ltr'><strong>pulo</strong></span> <span class='ocrx_word' id='word_1_24' title='bbox 222 1177 283 1240; x_wconf 90' lang='lat' dir='ltr'><strong>Dei</strong></span> <span class='ocrx_word' id='word_1_25' title='bbox 308 1181 427 1241; x_wconf 86' lang='lat' dir='ltr'><strong>scelera</strong></span> <span class='ocrx_word' id='word_1_26' title='bbox 453 1199 577 1242; x_wconf 91' lang='lat' dir='ltr'><strong>eorum.</strong></span> <span class='ocrx_word' id='word_1_27' title='bbox 617 1183 691 1243; x_wconf 92' lang='lat' dir='ltr'><strong>Hoc</strong></span> <span class='ocrx_word' id='word_1_28' title='bbox 713 1194 745 1244; x_wconf 86' lang='lat' dir='ltr'><strong>te</strong></span> <span class='ocrx_word' id='word_1_29' title='bbox 764 1183 933 1264; x_wconf 91' lang='lat' dir='ltr'><strong>plurimum</strong></span> <span class='ocrx_word' id='word_1_30' title='bbox 955 1189 1063 1263; x_wconf 89' lang='lat' dir='ltr'><strong>decet,</strong></span> <span class='ocrx_word' id='word_1_31' title='bbox 1098 1187 1156 1251; x_wconf 83' lang='lat' dir='ltr'><strong>hd·</strong></span> 
     </span>
     <span class='ocr_line' id='line_1_5' title="bbox 122 1276 1157 1366; baseline 0.012 -25"><span class='ocrx_word' id='word_1_32' title='bbox 122 1276 240 1341; x_wconf 86' lang='lat' dir='ltr'>minem</span> <span class='ocrx_word' id='word_1_33' title='bbox 270 1281 472 1362; x_wconf 86' lang='lat' dir='ltr'><strong>theologum,</strong></span> <span class='ocrx_word' id='word_1_34' title='bbox 505 1280 570 1343; x_wconf 92' lang='lat' dir='ltr'><strong>imo</strong></span> <span class='ocrx_word' id='word_1_35' title='bbox 597 1284 736 1366; x_wconf 83' lang='lat' dir='ltr'><strong>desuper</strong></span> <span class='ocrx_word' id='word_1_36' title='bbox 762 1285 885 1348; x_wconf 76' lang='lat' dir='ltr'><strong>coactio</strong></span> <span class='ocrx_word' id='word_1_37' title='bbox 923 1299 988 1364; x_wconf 89' lang='lat' dir='ltr'><strong>est,</strong></span> <span class='ocrx_word' id='word_1_38' title='bbox 1019 1299 1072 1365; x_wconf 92' lang='lat' dir='ltr'><strong>ut,</strong></span> <span class='ocrx_word' id='word_1_39' title='bbox 1102 1285 1157 1353; x_wconf 85' lang='lat' dir='ltr'><strong>otii</strong></span> 
     </span>
     <span class='ocr_line' id='line_1_6' title="bbox 123 1380 1154 1472; baseline 0.014 -32"><span class='ocrx_word' id='word_1_40' title='bbox 123 1381 202 1440; x_wconf 86' lang='lat' dir='ltr'><strong>datae</strong></span> <span class='ocrx_word' id='word_1_41' title='bbox 228 1391 302 1441; x_wconf 90' lang='lat' dir='ltr'><strong>sunt</strong></span> <span class='ocrx_word' id='word_1_42' title='bbox 322 1382 425 1443; x_wconf 79' lang='lat' dir='ltr'><strong>claves</strong></span> <span class='ocrx_word' id='word_1_43' title='bbox 451 1380 652 1445; x_wconf 75' lang='lat' dir='ltr'><strong>scientiarum</strong></span> <span class='ocrx_word' id='word_1_44' title='bbox 677 1385 756 1462; x_wconf 91' lang='lat' dir='ltr'><strong>Dei,</strong></span> <span class='ocrx_word' id='word_1_45' title='bbox 796 1386 822 1449; x_wconf 92' lang='lat' dir='ltr'><strong>is</strong></span> <span class='ocrx_word' id='word_1_46' title='bbox 847 1386 951 1469; x_wconf 82' lang='lat' dir='ltr'><strong>rigide</strong></span> <span class='ocrx_word' id='word_1_47' title='bbox 973 1410 1099 1472; x_wconf 89' lang='lat' dir='ltr'><strong>semper</strong></span> <span class='ocrx_word' id='word_1_48' title='bbox 1120 1400 1154 1454; x_wconf 76' lang='lat' dir='ltr'><strong>ot</strong></span> 
     </span>
     <span class='ocr_line' id='line_1_7' title="bbox 124 1479 1156 1574; baseline 0.013 -33"><span class='ocrx_word' id='word_1_49' title='bbox 124 1479 359 1544; x_wconf 69' lang='lat' dir='ltr'><strong>immutabiliter</strong></span> <span class='ocrx_word' id='word_1_50' title='bbox 382 1483 548 1544; x_wconf 82' lang='lat' dir='ltr'><strong>veritatem</strong></span> <span class='ocrx_word' id='word_1_51' title='bbox 572 1487 736 1562; x_wconf 86' lang='lat' dir='ltr'><strong>recludas,</strong></span> <span class='ocrx_word' id='word_1_52' title='bbox 766 1499 798 1551; x_wconf 83' lang='lat' dir='ltr'><strong>et</strong></span> <span class='ocrx_word' id='word_1_53' title='bbox 822 1489 987 1566; x_wconf 73' lang='lat' dir='ltr'><strong>enunties,</strong></span> <span class='ocrx_word' id='word_1_54' title='bbox 1020 1501 1156 1574; x_wconf 76' lang='lat' dir='ltr'><strong>quanto-</strong></span> 
     </span>
     <span class='ocr_line' id='line_1_8' title="bbox 123 1583 1156 1669; baseline 0.015 -28"><span class='ocrx_word' id='word_1_55' title='bbox 123 1601 253 1662; x_wconf 86' lang='lat' dir='ltr'><strong>cunque</strong></span> <span class='ocrx_word' id='word_1_56' title='bbox 277 1583 369 1644; x_wconf 84' lang='lat' dir='ltr'><strong>etiam</strong></span> <span class='ocrx_word' id='word_1_57' title='bbox 380 1584 543 1664; x_wconf 89' lang='lat' dir='ltr'><strong>periculo.</strong></span> <span class='ocrx_word' id='word_1_58' title='bbox 597 1586 660 1650; x_wconf 90' lang='lat' dir='ltr'><strong>Sed</strong></span> <span class='ocrx_word' id='word_1_59' title='bbox 683 1610 748 1650; x_wconf 93' lang='lat' dir='ltr'><strong>non</strong></span> <span class='ocrx_word' id='word_1_60' title='bbox 774 1602 878 1669; x_wconf 87' lang='lat' dir='ltr'><strong>potest</strong></span> <span class='ocrx_word' id='word_1_61' title='bbox 901 1592 962 1652; x_wconf 92' lang='lat' dir='ltr'><strong>hoc</strong></span> <span class='ocrx_word' id='word_1_62' title='bbox 981 1592 1050 1654; x_wconf 88' lang='lat' dir='ltr'><strong>lieri</strong></span> <span class='ocrx_word' id='word_1_63' title='bbox 1077 1592 1156 1656; x_wconf 77' lang='lat' dir='ltr'><strong>citra</strong></span> 
     </span>
     <span class='ocr_line' id='line_1_9' title="bbox 120 1683 1154 1772; baseline 0.013 -30"><span class='ocrx_word' id='word_1_64' title='bbox 120 1683 299 1744; x_wconf 89' lang='lat' dir='ltr'><strong>tumultum.</strong></span> <span class='ocrx_word' id='word_1_65' title='bbox 339 1684 403 1751; x_wconf 83' lang='lat' dir='ltr'><strong>Fac</strong></span> <span class='ocrx_word' id='word_1_66' title='bbox 427 1706 492 1746; x_wconf 94' lang='lat' dir='ltr'><strong>non</strong></span> <span class='ocrx_word' id='word_1_67' title='bbox 507 1705 627 1766; x_wconf 87' lang='lat' dir='ltr'><strong>posse,</strong></span> <span class='ocrx_word' id='word_1_68' title='bbox 656 1701 686 1751; x_wconf 88' lang='lat' dir='ltr'><strong>at</strong></span> <span class='ocrx_word' id='word_1_69' title='bbox 703 1690 829 1753; x_wconf 87' lang='lat' dir='ltr'><strong>interim</strong></span> <span class='ocrx_word' id='word_1_70' title='bbox 846 1692 930 1754; x_wconf 90' lang='lat' dir='ltr'><strong>doce</strong></span> <span class='ocrx_word' id='word_1_71' title='bbox 944 1694 1055 1757; x_wconf 86' lang='lat' dir='ltr'><strong>melius</strong></span> <span class='ocrx_word' id='word_1_72' title='bbox 1072 1714 1154 1772; x_wconf 81' lang='lat' dir='ltr'><strong>esse,</strong></span> 
     </span>
     <span class='ocr_line' id='line_1_10' title="bbox 120 1783 1155 1873; baseline 0.007 -28"><span class='ocrx_word' id='word_1_73' title='bbox 120 1784 179 1845; x_wconf 86' lang='lat' dir='ltr'><strong>hos</strong></span> <span class='ocrx_word' id='word_1_74' title='bbox 198 1783 304 1846; x_wconf 77' lang='lat' dir='ltr'><strong>&#39;vitare</strong></span> <span class='ocrx_word' id='word_1_75' title='bbox 333 1789 501 1862; x_wconf 74' lang='lat' dir='ltr'><strong>tumuitus,</strong></span> <span class='ocrx_word' id='word_1_76' title='bbox 544 1807 637 1870; x_wconf 85' lang='lat' dir='ltr'><strong>quam</strong></span> <span class='ocrx_word' id='word_1_77' title='bbox 669 1792 839 1873; x_wconf 77' lang='lat' dir='ltr'><strong>propagari</strong></span> <span class='ocrx_word' id='word_1_78' title='bbox 869 1810 1049 1854; x_wconf 90' lang='lat' dir='ltr'><strong>sermonem</strong></span> <span class='ocrx_word' id='word_1_79' title='bbox 1081 1787 1155 1852; x_wconf 78' lang='lat' dir='ltr'><strong>Dei.</strong></span> 
     </span>
     <span class='ocr_line' id='line_1_11' title="bbox 121 1885 1156 1975; baseline 0.009 -30"><span class='ocrx_word' id='word_1_80' title='bbox 121 1885 222 1946; x_wconf 87' lang='lat' dir='ltr'><strong>Nobis</strong></span> <span class='ocrx_word' id='word_1_81' title='bbox 242 1886 372 1968; x_wconf 89' lang='lat' dir='ltr'><strong>quidem</strong></span> <span class='ocrx_word' id='word_1_82' title='bbox 394 1888 466 1950; x_wconf 89' lang='lat' dir='ltr'><strong>satis</strong></span> <span class='ocrx_word' id='word_1_83' title='bbox 483 1909 600 1965; x_wconf 75' lang='lat' dir='ltr'><strong>cause,</strong></span> <span class='ocrx_word' id='word_1_84' title='bbox 629 1911 687 1952; x_wconf 92' lang='lat' dir='ltr'><strong>cur</strong></span> <span class='ocrx_word' id='word_1_85' title='bbox 702 1892 863 1975; x_wconf 87' lang='lat' dir='ltr'><strong>inceptum</strong></span> <span class='ocrx_word' id='word_1_86' title='bbox 874 1893 1067 1966; x_wconf 86' lang='lat' dir='ltr'><strong>deseramus,</strong></span> <span class='ocrx_word' id='word_1_87' title='bbox 1087 1911 1156 1954; x_wconf 85' lang='lat' dir='ltr'><strong>non</strong></span> 
     </span>
     <span class='ocr_line' id='line_1_12' title="bbox 120 1987 1156 2076; baseline 0.006 -28"><span class='ocrx_word' id='word_1_88' title='bbox 120 1987 263 2062; x_wconf 90' lang='lat' dir='ltr'><strong>videtur,</strong></span> <span class='ocrx_word' id='word_1_89' title='bbox 293 1990 382 2071; x_wconf 89' lang='lat' dir='ltr'><strong>quod</strong></span> <span class='ocrx_word' id='word_1_90' title='bbox 403 1993 630 2054; x_wconf 75' lang='lat' dir='ltr'><strong>tumultuantur</strong></span> <span class='ocrx_word' id='word_1_91' title='bbox 651 1993 790 2076; x_wconf 83' lang='lat' dir='ltr'><strong>quidam.</strong></span> <span class='ocrx_word' id='word_1_92' title='bbox 830 1997 872 2057; x_wconf 90' lang='lat' dir='ltr'><strong>Et</strong></span> <span class='ocrx_word' id='word_1_93' title='bbox 893 1994 920 2057; x_wconf 92' lang='lat' dir='ltr'><strong>si</strong></span> <span class='ocrx_word' id='word_1_94' title='bbox 939 1995 1074 2055; x_wconf 82' lang='lat' dir='ltr'><strong>adversa</strong></span> <span class='ocrx_word' id='word_1_95' title='bbox 1098 2009 1156 2054; x_wconf 83' lang='lat' dir='ltr'><strong>ve-</strong></span> 
     </span>
     <span class='ocr_line' id='line_1_13' title="bbox 119 2089 1156 2177; baseline 0.002 -25"><span class='ocrx_word' id='word_1_96' title='bbox 119 2089 205 2152; x_wconf 86' lang='lat' dir='ltr'><strong>ritati</strong></span> <span class='ocrx_word' id='word_1_97' title='bbox 226 2090 426 2172; x_wconf 83' lang='lat' dir='ltr'><strong>Evangelicae</strong></span> <span class='ocrx_word' id='word_1_98' title='bbox 446 2091 542 2154; x_wconf 86' lang='lat' dir='ltr'><strong>factio</strong></span> <span class='ocrx_word' id='word_1_99' title='bbox 565 2094 700 2174; x_wconf 84' lang='lat' dir='ltr'><strong>opprimi</strong></span> <span class='ocrx_word' id='word_1_100' title='bbox 728 2116 794 2157; x_wconf 91' lang='lat' dir='ltr'><strong>non</strong></span> <span class='ocrx_word' id='word_1_101' title='bbox 813 2105 936 2177; x_wconf 91' lang='lat' dir='ltr'><strong>potest,</strong></span> <span class='ocrx_word' id='word_1_102' title='bbox 967 2093 1028 2156; x_wconf 90' lang='lat' dir='ltr'><strong>nisi</strong></span> <span class='ocrx_word' id='word_1_103' title='bbox 1048 2090 1156 2173; x_wconf 81' lang='lat' dir='ltr'><strong>perni-</strong></span> 
     </span>
     <span class='ocr_line' id='line_1_14' title="bbox 120 2189 1174 2279; baseline 0.002 -28"><span class='ocrx_word' id='word_1_104' title='bbox 120 2189 299 2253; x_wconf 91' lang='lat' dir='ltr'><strong>ciosissimo</strong></span> <span class='ocrx_word' id='word_1_105' title='bbox 321 2192 407 2253; x_wconf 90' lang='lat' dir='ltr'><strong>orbis</strong></span> <span class='ocrx_word' id='word_1_106' title='bbox 427 2197 578 2272; x_wconf 84' lang='lat' dir='ltr'><strong>tumultu,</strong></span> <span class='ocrx_word' id='word_1_107' title='bbox 616 2208 646 2257; x_wconf 89' lang='lat' dir='ltr'><strong>at</strong></span> <span class='ocrx_word' id='word_1_108' title='bbox 671 2216 731 2257; x_wconf 92' lang='lat' dir='ltr'><strong>nos</strong></span> <span class='ocrx_word' id='word_1_109' title='bbox 762 2218 843 2259; x_wconf 88' lang='lat' dir='ltr'><strong>vero</strong></span> <span class='ocrx_word' id='word_1_110' title='bbox 874 2196 971 2258; x_wconf 86' lang='lat' dir='ltr'><strong>nihilo</strong></span> <span class='ocrx_word' id='word_1_111' title='bbox 992 2194 1098 2256; x_wconf 83' lang='lat' dir='ltr'><strong>minus</strong></span> <span class='ocrx_word' id='word_1_112' title='bbox 1117 2201 1174 2279; x_wconf 79' lang='lat' dir='ltr'><strong>ut¹</strong></span> 
     </span>
     <span class='ocr_line' id='line_1_15' title="bbox 122 2292 1154 2378; baseline 0.004 -26"><span class='ocrx_word' id='word_1_113' title='bbox 122 2292 320 2372; x_wconf 87' lang='lat' dir='ltr'><strong>opprimatur</strong></span> <span class='ocrx_word' id='word_1_114' title='bbox 353 2294 540 2358; x_wconf 80' lang='lat' dir='ltr'><strong>adnitemur.</strong></span> <span class='ocrx_word' id='word_1_115' title='bbox 592 2295 736 2360; x_wconf 90' lang='lat' dir='ltr'><strong>Christus</strong></span> <span class='ocrx_word' id='word_1_116' title='bbox 764 2299 834 2359; x_wconf 80' lang='lat' dir='ltr'><strong>vult</strong></span> <span class='ocrx_word' id='word_1_117' title='bbox 865 2307 897 2358; x_wconf 88' lang='lat' dir='ltr'><strong>et</strong></span> <span class='ocrx_word' id='word_1_118' title='bbox 917 2305 1100 2378; x_wconf 89' lang='lat' dir='ltr'><strong>opportune</strong></span> <span class='ocrx_word' id='word_1_119' title='bbox 1119 2302 1154 2356; x_wconf 75' lang='lat' dir='ltr'><strong>et</strong></span> 
     </span>
     <span class='ocr_line' id='line_1_16' title="bbox 119 2392 1154 2478; baseline 0.003 -24"><span class='ocrx_word' id='word_1_120' title='bbox 119 2392 302 2472; x_wconf 91' lang='lat' dir='ltr'><strong>importune</strong></span> <span class='ocrx_word' id='word_1_121' title='bbox 335 2397 511 2475; x_wconf 81' lang='lat' dir='ltr'><strong>praedicari,</strong></span> <span class='ocrx_word' id='word_1_122' title='bbox 548 2408 580 2460; x_wconf 90' lang='lat' dir='ltr'><strong>et</strong></span> <span class='ocrx_word' id='word_1_123' title='bbox 607 2398 653 2460; x_wconf 91' lang='lat' dir='ltr'><strong>sic</strong></span> <span class='ocrx_word' id='word_1_124' title='bbox 691 2399 808 2460; x_wconf 89' lang='lat' dir='ltr'><strong>Paulus</strong></span> <span class='ocrx_word' id='word_1_125' title='bbox 836 2397 988 2478; x_wconf 85' lang='lat' dir='ltr'><strong>praecipit.</strong></span> <span class='ocrx_word' id='word_1_126' title='bbox 1036 2397 1154 2476; x_wconf 80' lang='lat' dir='ltr'><strong>Neque</strong></span> 
     </span>
     <span class='ocr_line' id='line_1_17' title="bbox 93 2495 1218 2581; baseline 0 -23"><span class='ocrx_word' id='word_1_127' title='bbox 93 2552 96 2558; x_wconf 84' lang='lat'>.</span> <span class='ocrx_word' id='word_1_128' title='bbox 123 2495 311 2556; x_wconf 82' lang='lat' dir='ltr'><strong>cessandum</strong></span> <span class='ocrx_word' id='word_1_129' title='bbox 333 2496 377 2558; x_wconf 91' lang='lat' dir='ltr'><strong>ibi</strong></span> <span class='ocrx_word' id='word_1_130' title='bbox 398 2508 463 2573; x_wconf 90' lang='lat' dir='ltr'><strong>est,</strong></span> <span class='ocrx_word' id='word_1_131' title='bbox 485 2497 639 2581; x_wconf 89' lang='lat' dir='ltr'><strong>quicquid</strong></span> <span class='ocrx_word' id='word_1_132' title='bbox 661 2497 753 2560; x_wconf 84' lang='lat' dir='ltr'><strong>etiam</strong></span> <span class='ocrx_word' id='word_1_133' title='bbox 779 2498 946 2561; x_wconf 84' lang='lat' dir='ltr'><strong>obstiterit.</strong></span> <span class='ocrx_word' id='word_1_134' title='bbox 984 2498 1029 2562; x_wconf 85' lang='lat' dir='ltr'><strong>At</strong></span> <span class='ocrx_word' id='word_1_135' title='bbox 1049 2496 1154 2558; x_wconf 81' lang='lat' dir='ltr'><strong>inuol-</strong></span> <span class='ocrx_word' id='word_1_136' title='bbox 1216 2559 1218 2564; x_wconf 80' lang='grc'><strong>,</strong></span> 
     </span>
     <span class='ocr_line' id='line_1_18' title="bbox 118 2596 1156 2681; baseline 0.002 -24"><span class='ocrx_word' id='word_1_137' title='bbox 118 2607 174 2658; x_wconf 82' lang='lat' dir='ltr'><strong>vet</strong></span> <span class='ocrx_word' id='word_1_138' title='bbox 194 2599 346 2660; x_wconf 89' lang='lat' dir='ltr'><strong>tumultus</strong></span> <span class='ocrx_word' id='word_1_139' title='bbox 366 2597 417 2658; x_wconf 93' lang='lat' dir='ltr'><strong>hic</strong></span> <span class='ocrx_word' id='word_1_140' title='bbox 438 2598 599 2662; x_wconf 88' lang='lat' dir='ltr'><strong>innoxios.</strong></span> <span class='ocrx_word' id='word_1_141' title='bbox 631 2600 683 2660; x_wconf 89' lang='lat' dir='ltr'><strong>Tu</strong></span> <span class='ocrx_word' id='word_1_142' title='bbox 704 2598 834 2681; x_wconf 86' lang='lat' dir='ltr'><strong>quidem</strong></span> <span class='ocrx_word' id='word_1_143' title='bbox 847 2599 943 2674; x_wconf 88' lang='lat' dir='ltr'><strong>dicis,</strong></span> <span class='ocrx_word' id='word_1_144' title='bbox 964 2620 1024 2661; x_wconf 89' lang='lat' dir='ltr'><strong>nos</strong></span> <span class='ocrx_word' id='word_1_145' title='bbox 1045 2596 1156 2659; x_wconf 85' lang='lat' dir='ltr'><strong>abom-</strong></span> 
     </span>
     <span class='ocr_line' id='line_1_19' title="bbox 80 2688 1153 2773; baseline 0 -14"><span class='ocrx_word' id='word_1_146' title='bbox 80 2688 83 2691; x_wconf 53' lang='grc'><strong>’</strong></span> <span class='ocrx_word' id='word_1_147' title='bbox 119 2697 253 2759; x_wconf 86' lang='lat' dir='ltr'><strong>niamur.</strong></span> <span class='ocrx_word' id='word_1_148' title='bbox 292 2699 354 2759; x_wconf 93' lang='lat' dir='ltr'><strong>Sed</strong></span> <span class='ocrx_word' id='word_1_149' title='bbox 368 2710 401 2759; x_wconf 89' lang='lat' dir='ltr'><strong>ut</strong></span> <span class='ocrx_word' id='word_1_150' title='bbox 413 2700 555 2762; x_wconf 78' lang='lat' dir='ltr'><strong>futurum</strong></span> <span class='ocrx_word' id='word_1_151' title='bbox 567 2700 605 2762; x_wconf 93' lang='lat' dir='ltr'><strong>sit</strong></span> <span class='ocrx_word' id='word_1_152' title='bbox 619 2700 711 2762; x_wconf 89' lang='lat' dir='ltr'><strong>etiam</strong></span> <span class='ocrx_word' id='word_1_153' title='bbox 724 2702 786 2761; x_wconf 93' lang='lat' dir='ltr'><strong>hoc</strong></span> <span class='ocrx_word' id='word_1_154' title='bbox 800 2721 808 2762; x_wconf 73' lang='grc' dir='ltr'><strong>ι</strong></span> <span class='ocrx_word' id='word_1_155' title='bbox 826 2699 902 2760; x_wconf 85' lang='lat' dir='ltr'><strong>nihil</strong></span> <span class='ocrx_word' id='word_1_156' title='bbox 919 2698 995 2760; x_wconf 90' lang='lat' dir='ltr'><strong>tanti</strong></span> <span class='ocrx_word' id='word_1_157' title='bbox 1008 2708 1073 2773; x_wconf 89' lang='lat' dir='ltr'><strong>est,</strong></span> <span class='ocrx_word' id='word_1_158' title='bbox 1094 2716 1153 2759; x_wconf 81' lang='lat' dir='ltr'><strong>cur</strong></span> 
     </span>
     <span class='ocr_line' id='line_1_20' title="bbox 122 2798 1153 2882; baseline 0.001 -24"><span class='ocrx_word' id='word_1_159' title='bbox 122 2798 302 2879; x_wconf 80' lang='lat' dir='ltr'><strong>postergari</strong></span> <span class='ocrx_word' id='word_1_160' title='bbox 319 2798 433 2861; x_wconf 88' lang='lat' dir='ltr'><strong>debeat</strong></span> <span class='ocrx_word' id='word_1_161' title='bbox 452 2801 616 2882; x_wconf 81' lang='lat' dir='ltr'><strong>negotium</strong></span> <span class='ocrx_word' id='word_1_162' title='bbox 631 2801 759 2864; x_wconf 87' lang='lat' dir='ltr'><strong>Christi.</strong></span> <span class='ocrx_word' id='word_1_163' title='bbox 798 2804 905 2880; x_wconf 83' lang='lat' dir='ltr'><strong>Quare</strong></span> <span class='ocrx_word' id='word_1_164' title='bbox 923 2799 1016 2862; x_wconf 85' lang='lat' dir='ltr'><strong>etiam</strong></span> <span class='ocrx_word' id='word_1_165' title='bbox 1031 2809 1153 2859; x_wconf 82' lang='lat' dir='ltr'><strong>temero</strong></span> 
     </span>
     <span class='ocr_line' id='line_1_21' title="bbox 119 2900 1154 2982; baseline -0.001 -22"><span class='ocrx_word' id='word_1_166' title='bbox 119 2919 187 2960; x_wconf 89' lang='lat' dir='ltr'><strong>non</strong></span> <span class='ocrx_word' id='word_1_167' title='bbox 209 2900 362 2977; x_wconf 81' lang='lat' dir='ltr'><strong>objicitur</strong></span> <span class='ocrx_word' id='word_1_168' title='bbox 383 2902 457 2976; x_wconf 87' lang='lat' dir='ltr'><strong>tihi,</strong></span> <span class='ocrx_word' id='word_1_169' title='bbox 491 2903 530 2963; x_wconf 89' lang='lat' dir='ltr'><strong>ab</strong></span> <span class='ocrx_word' id='word_1_170' title='bbox 559 2901 617 2964; x_wconf 86' lang='lat' dir='ltr'><strong>illis</strong></span> <span class='ocrx_word' id='word_1_171' title='bbox 638 2903 778 2982; x_wconf 81' lang='lat' dir='ltr'><strong>impense</strong></span> <span class='ocrx_word' id='word_1_172' title='bbox 799 2901 991 2963; x_wconf 83' lang='lat' dir='ltr'><strong>Lutheranis</strong></span> <span class='ocrx_word' id='word_1_173' title='bbox 1011 2909 1047 2961; x_wconf 90' lang='lat' dir='ltr'><strong>ut</strong></span> <span class='ocrx_word' id='word_1_174' title='bbox 1066 2917 1154 2960; x_wconf 88' lang='lat' dir='ltr'><strong>com·</strong></span> 
     </span>
     <span class='ocr_line' id='line_1_22' title="bbox 117 2999 1152 3085; baseline -0.002 -22"><span class='ocrx_word' id='word_1_175' title='bbox 117 3021 297 3078; x_wconf 87' lang='lat' dir='ltr'><strong>memoras,</strong></span> <span class='ocrx_word' id='word_1_176' title='bbox 331 3004 421 3085; x_wconf 89' lang='lat' dir='ltr'><strong>quod</strong></span> <span class='ocrx_word' id='word_1_177' title='bbox 453 3003 582 3065; x_wconf 89' lang='lat' dir='ltr'><strong>dilutior</strong></span> <span class='ocrx_word' id='word_1_178' title='bbox 612 3004 671 3079; x_wconf 86' lang='lat' dir='ltr'><strong>sis,</strong></span> <span class='ocrx_word' id='word_1_179' title='bbox 705 3015 736 3066; x_wconf 89' lang='lat' dir='ltr'><strong>et</strong></span> <span class='ocrx_word' id='word_1_180' title='bbox 762 3001 908 3065; x_wconf 85' lang='lat' dir='ltr'><strong>blandior</strong></span> <span class='ocrx_word' id='word_1_181' title='bbox 939 2999 1152 3080; x_wconf 71' lang='lat' dir='ltr'><strong>Principibus,</strong></span> 
     </span>
     <span class='ocr_line' id='line_1_23' title="bbox 120 3095 1153 3185; baseline -0.001 -22"><span class='ocrx_word' id='word_1_182' title='bbox 120 3106 277 3185; x_wconf 82' lang='lat' dir='ltr'><strong>quodque</strong></span> <span class='ocrx_word' id='word_1_183' title='bbox 304 3104 434 3167; x_wconf 92' lang='lat' dir='ltr'><strong>nimium</strong></span> <span class='ocrx_word' id='word_1_184' title='bbox 455 3106 540 3184; x_wconf 88' lang='lat' dir='ltr'><strong>pacis</strong></span> <span class='ocrx_word' id='word_1_185' title='bbox 562 3126 677 3167; x_wconf 89' lang='lat' dir='ltr'><strong>amans.</strong></span> <span class='ocrx_word' id='word_1_186' title='bbox 716 3104 784 3167; x_wconf 89' lang='lat' dir='ltr'><strong>lmo</strong></span> <span class='ocrx_word' id='word_1_187' title='bbox 805 3125 871 3165; x_wconf 92' lang='lat' dir='ltr'><strong>non</strong></span> <span class='ocrx_word' id='word_1_188' title='bbox 892 3113 1009 3164; x_wconf 89' lang='lat' dir='ltr'><strong>attente</strong></span> <span class='ocrx_word' id='word_1_189' title='bbox 1029 3095 1153 3163; x_wconf 75' lang='lat' dir='ltr'><strong>audivi·</strong></span> 
     </span>
     <span class='ocr_line' id='line_1_24' title="bbox 119 3203 1153 3291; baseline 0.001 -28"><span class='ocrx_word' id='word_1_190' title='bbox 119 3203 160 3264; x_wconf 91' lang='lat' dir='ltr'><strong>sti</strong></span> <span class='ocrx_word' id='word_1_191' title='bbox 180 3205 335 3270; x_wconf 89' lang='lat' dir='ltr'><strong>homines.</strong></span> <span class='ocrx_word' id='word_1_192' title='bbox 383 3214 457 3274; x_wconf 90' lang='lat' dir='ltr'><strong>Hoc</strong></span> <span class='ocrx_word' id='word_1_193' title='bbox 477 3206 710 3291; x_wconf 86' lang='lat' dir='ltr'><strong>querebantur,</strong></span> <span class='ocrx_word' id='word_1_194' title='bbox 742 3206 831 3290; x_wconf 89' lang='lat' dir='ltr'><strong>quod</strong></span> <span class='ocrx_word' id='word_1_195' title='bbox 863 3204 938 3266; x_wconf 86' lang='lat' dir='ltr'><strong>nihil</strong></span> <span class='ocrx_word' id='word_1_196' title='bbox 970 3211 1153 3266; x_wconf 83' lang='lat' dir='ltr'><strong>constanter</strong></span> 
     </span>
     <span class='ocr_line' id='line_1_25' title="bbox 121 3302 1152 3395; baseline 0.002 -33"><span class='ocrx_word' id='word_1_197' title='bbox 121 3302 207 3365; x_wconf 88' lang='lat' dir='ltr'><strong>dicas</strong></span> <span class='ocrx_word' id='word_1_198' title='bbox 228 3318 281 3368; x_wconf 88' lang='lat' dir='ltr'><strong>aut</strong></span> <span class='ocrx_word' id='word_1_199' title='bbox 298 3307 415 3388; x_wconf 86' lang='lat' dir='ltr'><strong>facias,</strong></span> <span class='ocrx_word' id='word_1_200' title='bbox 438 3311 526 3395; x_wconf 93' lang='lat' dir='ltr'><strong>quod</strong></span> <span class='ocrx_word' id='word_1_201' title='bbox 546 3331 588 3370; x_wconf 87' lang='lat' dir='ltr'><strong>ex</strong></span> <span class='ocrx_word' id='word_1_202' title='bbox 603 3309 687 3369; x_wconf 92' lang='lat' dir='ltr'><strong>omui</strong></span> <span class='ocrx_word' id='word_1_203' title='bbox 702 3306 859 3370; x_wconf 87' lang='lat' dir='ltr'><strong>levissima</strong></span> <span class='ocrx_word' id='word_1_204' title='bbox 874 3326 968 3367; x_wconf 87' lang='lat' dir='ltr'><strong>eausa</strong></span> <span class='ocrx_word' id='word_1_205' title='bbox 982 3303 1152 3365; x_wconf 86' lang='lat' dir='ltr'><strong>blandiaris</strong></span> 
     </span>
     <span class='ocr_line' id='line_1_26' title="bbox 121 3401 1153 3496; baseline -0.009 -23"><span class='ocrx_word' id='word_1_206' title='bbox 121 3423 153 3473; x_wconf 84' lang='lat' dir='ltr'><strong>et</strong></span> <span class='ocrx_word' id='word_1_207' title='bbox 172 3411 362 3490; x_wconf 87' lang='lat' dir='ltr'><strong>adsenteris,</strong></span> <span class='ocrx_word' id='word_1_208' title='bbox 381 3413 480 3496; x_wconf 89' lang='lat' dir='ltr'><strong>idque</strong></span> <span class='ocrx_word' id='word_1_209' title='bbox 495 3433 559 3472; x_wconf 88' lang='lat' dir='ltr'><strong>non</strong></span> <span class='ocrx_word' id='word_1_210' title='bbox 576 3409 776 3488; x_wconf 84' lang='lat' dir='ltr'><strong>Principibus</strong></span> <span class='ocrx_word' id='word_1_211' title='bbox 793 3420 932 3482; x_wconf 89' lang='lat' dir='ltr'><strong>tantum,</strong></span> <span class='ocrx_word' id='word_1_212' title='bbox 953 3407 1009 3466; x_wconf 88' lang='lat' dir='ltr'><strong>sed</strong></span> <span class='ocrx_word' id='word_1_213' title='bbox 1029 3415 1061 3467; x_wconf 82' lang='lat' dir='ltr'><strong>et</strong></span> <span class='ocrx_word' id='word_1_214' title='bbox 1080 3401 1153 3465; x_wconf 82' lang='lat' dir='ltr'><strong>inli-</strong></span> 
     </span>
     <span class='ocr_line' id='line_1_27' title="bbox 118 3510 1152 3597; baseline -0.01 -21"><span class='ocrx_word' id='word_1_215' title='bbox 118 3534 173 3576; x_wconf 96' lang='lat' dir='ltr'><strong>mo</strong></span> <span class='ocrx_word' id='word_1_216' title='bbox 194 3513 340 3590; x_wconf 86' lang='lat' dir='ltr'><strong>cuilibet,</strong></span> <span class='ocrx_word' id='word_1_217' title='bbox 372 3535 468 3597; x_wconf 83' lang='lat' dir='ltr'><strong>quem</strong></span> <span class='ocrx_word' id='word_1_218' title='bbox 487 3525 547 3573; x_wconf 87' lang='lat' dir='ltr'><strong>tuae</strong></span> <span class='ocrx_word' id='word_1_219' title='bbox 568 3510 770 3572; x_wconf 87' lang='lat' dir='ltr'><strong>imbecillitati</strong></span> <span class='ocrx_word' id='word_1_220' title='bbox 799 3510 903 3571; x_wconf 85' lang='lat' dir='ltr'><strong>visum</strong></span> <span class='ocrx_word' id='word_1_221' title='bbox 931 3517 978 3569; x_wconf 87' lang='lat' dir='ltr'><strong>est</strong></span> <span class='ocrx_word' id='word_1_222' title='bbox 998 3515 1152 3567; x_wconf 79' lang='lat' dir='ltr'><strong>metuere.</strong></span> 
     </span>
     <span class='ocr_line' id='line_1_28' title="bbox 114 3605 1151 3694; baseline -0.012 -17"><span class='ocrx_word' id='word_1_223' title='bbox 114 3615 205 3694; x_wconf 85' lang='lat' dir='ltr'><strong>Quid</strong></span> <span class='ocrx_word' id='word_1_224' title='bbox 226 3616 343 3678; x_wconf 89' lang='lat' dir='ltr'><strong>deinde</strong></span> <span class='ocrx_word' id='word_1_225' title='bbox 363 3637 442 3677; x_wconf 84' lang='lat' dir='ltr'><strong>vero</strong></span> <span class='ocrx_word' id='word_1_226' title='bbox 470 3613 657 3677; x_wconf 82' lang='lat' dir='ltr'><strong>assentando</strong></span> <span class='ocrx_word' id='word_1_227' title='bbox 685 3610 817 3671; x_wconf 81' lang='lat' dir='ltr'><strong>effutis?</strong></span> <span class='ocrx_word' id='word_1_228' title='bbox 850 3608 929 3689; x_wconf 85' lang='lat' dir='ltr'><strong>Quis</strong></span> <span class='ocrx_word' id='word_1_229' title='bbox 952 3627 1019 3668; x_wconf 90' lang='lat' dir='ltr'><strong>non</strong></span> <span class='ocrx_word' id='word_1_230' title='bbox 1046 3605 1151 3667; x_wconf 80' lang='lat' dir='ltr'><strong>faveat</strong></span> 
     </span>
     <span class='ocr_line' id='line_1_29' title="bbox 116 3708 1150 3800; baseline -0.013 -22"><span class='ocrx_word' id='word_1_231' title='bbox 116 3714 186 3798; x_wconf 84' lang='lat' dir='ltr'><strong>ejus</strong></span> <span class='ocrx_word' id='word_1_232' title='bbox 208 3717 368 3800; x_wconf 85' lang='lat' dir='ltr'><strong>dignitati,</strong></span> <span class='ocrx_word' id='word_1_233' title='bbox 403 3717 458 3800; x_wconf 81' lang='lat' dir='ltr'><strong>qui</strong></span> <span class='ocrx_word' id='word_1_234' title='bbox 479 3715 647 3776; x_wconf 85' lang='lat' dir='ltr'><strong>virtutibus</strong></span> <span class='ocrx_word' id='word_1_235' title='bbox 677 3711 869 3791; x_wconf 80' lang='lat' dir='ltr'><strong>evangelicis</strong></span> <span class='ocrx_word' id='word_1_236' title='bbox 899 3708 1060 3772; x_wconf 87' lang='lat' dir='ltr'><strong>Christum</strong></span> <span class='ocrx_word' id='word_1_237' title='bbox 1091 3714 1150 3766; x_wconf 63' lang='lat' dir='ltr'><strong>noi·</strong></span> 
     </span>
     <span class='ocr_line' id='line_1_30' title="bbox 114 3810 1150 3897; baseline -0.009 -18"><span class='ocrx_word' id='word_1_238' title='bbox 114 3817 164 3880; x_wconf 89' lang='lat' dir='ltr'><strong>bis</strong></span> <span class='ocrx_word' id='word_1_239' title='bbox 185 3818 412 3897; x_wconf 75' lang='lat' dir='ltr'><strong>repraesentat?</strong></span> <span class='ocrx_word' id='word_1_240' title='bbox 446 3820 549 3880; x_wconf 87' lang='lat' dir='ltr'><strong>Nemo</strong></span> <span class='ocrx_word' id='word_1_241' title='bbox 569 3836 655 3890; x_wconf 92' lang='lat' dir='ltr'><strong>non,</strong></span> <span class='ocrx_word' id='word_1_242' title='bbox 684 3812 784 3894; x_wconf 82' lang='lat' dir='ltr'><strong>siquis</strong></span> <span class='ocrx_word' id='word_1_243' title='bbox 813 3811 867 3871; x_wconf 88' lang='lat' dir='ltr'><strong>abs</strong></span> <span class='ocrx_word' id='word_1_244' title='bbox 893 3822 925 3871; x_wconf 91' lang='lat' dir='ltr'><strong>te</strong></span> <span class='ocrx_word' id='word_1_245' title='bbox 952 3810 1020 3871; x_wconf 83' lang='lat' dir='ltr'><strong>tulis</strong></span> <span class='ocrx_word' id='word_1_246' title='bbox 1040 3816 1150 3889; x_wconf 73' lang='lat' dir='ltr'><strong>reped-</strong></span> 
     </span>
     <span class='ocr_line' id='line_1_31' title="bbox 115 3900 1150 3999; baseline -0.01 -19"><span class='ocrx_word' id='word_1_247' title='bbox 115 3929 166 3980; x_wconf 90' lang='lat' dir='ltr'><strong>tus</strong></span> <span class='ocrx_word' id='word_1_248' title='bbox 195 3931 253 3980; x_wconf 90' lang='lat' dir='ltr'><strong>est.</strong></span> <span class='ocrx_word' id='word_1_249' title='bbox 300 3919 409 3999; x_wconf 89' lang='lat' dir='ltr'><strong>Atque</strong></span> <span class='ocrx_word' id='word_1_250' title='bbox 442 3918 522 3979; x_wconf 86' lang='lat' dir='ltr'><strong>adeo</strong></span> <span class='ocrx_word' id='word_1_251' title='bbox 551 3917 602 3978; x_wconf 92' lang='lat' dir='ltr'><strong>dic</strong></span> <span class='ocrx_word' id='word_1_252' title='bbox 634 3917 718 3977; x_wconf 86' lang='lat' dir='ltr'><strong>bona</strong></span> <span class='ocrx_word' id='word_1_253' title='bbox 747 3912 940 3975; x_wconf 88' lang='lat' dir='ltr'><strong>couscientia</strong></span> <span class='ocrx_word' id='word_1_254' title='bbox 968 3911 1060 3986; x_wconf 85' lang='lat' dir='ltr'><strong>mihi,</strong></span> <span class='ocrx_word' id='word_1_255' title='bbox 1088 3900 1150 3970; x_wconf 83' lang='lat' dir='ltr'><strong>luit</strong></span> 
     </span>
     <span class='ocr_line' id='line_1_32' title="bbox 116 4007 1150 4101; baseline -0.009 -20"><span class='ocrx_word' id='word_1_256' title='bbox 116 4041 176 4101; x_wconf 86' lang='lat' dir='ltr'><strong>per</strong></span> <span class='ocrx_word' id='word_1_257' title='bbox 209 4022 412 4101; x_wconf 83' lang='lat' dir='ltr'><strong>octingentos</strong></span> <span class='ocrx_word' id='word_1_258' title='bbox 440 4032 527 4081; x_wconf 91' lang='lat' dir='ltr'><strong>retro</strong></span> <span class='ocrx_word' id='word_1_259' title='bbox 558 4039 658 4078; x_wconf 89' lang='lat' dir='ltr'><strong>annos</strong></span> <span class='ocrx_word' id='word_1_260' title='bbox 683 4019 794 4079; x_wconf 83' lang='lat' dir='ltr'><strong>Romae</strong></span> <span class='ocrx_word' id='word_1_261' title='bbox 824 4014 994 4088; x_wconf 84' lang='lat' dir='ltr'><strong>Pontifex,</strong></span> <span class='ocrx_word' id='word_1_262' title='bbox 1026 4010 1083 4095; x_wconf 90' lang='lat' dir='ltr'><strong>qui</strong></span> <span class='ocrx_word' id='word_1_263' title='bbox 1109 4007 1150 4072; x_wconf 79' lang='lat' dir='ltr'><strong>att</strong></span> 
     </span>
     <span class='ocr_line' id='line_1_33' title="bbox 115 4112 1149 4200; baseline -0.013 -16"><span class='ocrx_word' id='word_1_264' title='bbox 115 4124 328 4200; x_wconf 82' lang='lat' dir='ltr'><strong>Evangelium</strong></span> <span class='ocrx_word' id='word_1_265' title='bbox 358 4140 428 4182; x_wconf 86' lang='lat' dir='ltr'><strong>sese</strong></span> <span class='ocrx_word' id='word_1_266' title='bbox 457 4120 609 4198; x_wconf 75' lang='lat' dir='ltr'><strong>gereret?</strong></span> <span class='ocrx_word' id='word_1_267' title='bbox 643 4121 693 4178; x_wconf 82' lang='lat' dir='ltr'><strong>vel</strong></span> <span class='ocrx_word' id='word_1_268' title='bbox 720 4117 781 4177; x_wconf 87' lang='lat' dir='ltr'><strong>suit</strong></span> <span class='ocrx_word' id='word_1_269' title='bbox 808 4117 869 4176; x_wconf 92' lang='lat' dir='ltr'><strong>hoc</strong></span> <span class='ocrx_word' id='word_1_270' title='bbox 896 4126 1058 4192; x_wconf 89' lang='lat' dir='ltr'><strong>tempore,</strong></span> <span class='ocrx_word' id='word_1_271' title='bbox 1092 4112 1149 4193; x_wconf 77' lang='lat' dir='ltr'><strong>qati</strong></span> 
     </span>
     <span class='ocr_line' id='line_1_34' title="bbox 115 4215 1149 4301; baseline -0.01 -17"><span class='ocrx_word' id='word_1_272' title='bbox 115 4225 210 4284; x_wconf 87' lang='lat' dir='ltr'><strong>ullam</strong></span> <span class='ocrx_word' id='word_1_273' title='bbox 232 4224 361 4285; x_wconf 73' lang='lat' dir='ltr'><strong>haberet</strong></span> <span class='ocrx_word' id='word_1_274' title='bbox 381 4223 414 4283; x_wconf 89' lang='lat' dir='ltr'><strong>in</strong></span> <span class='ocrx_word' id='word_1_275' title='bbox 435 4244 469 4283; x_wconf 91' lang='lat' dir='ltr'><strong>se</strong></span> <span class='ocrx_word' id='word_1_276' title='bbox 489 4221 655 4301; x_wconf 82' lang='lat' dir='ltr'><strong>probitatis</strong></span> <span class='ocrx_word' id='word_1_277' title='bbox 676 4219 803 4292; x_wconf 85' lang='lat' dir='ltr'><strong>micam,</strong></span> <span class='ocrx_word' id='word_1_278' title='bbox 839 4215 899 4277; x_wconf 88' lang='lat' dir='ltr'><strong>uisi</strong></span> <span class='ocrx_word' id='word_1_279' title='bbox 921 4224 1073 4298; x_wconf 82' lang='lat' dir='ltr'><strong>quantum</strong></span> <span class='ocrx_word' id='word_1_280' title='bbox 1095 4221 1149 4274; x_wconf 73' lang='lat' dir='ltr'><strong>tua</strong></span> 
     </span>
     <span class='ocr_line' id='line_1_35' title="bbox 115 4315 1149 4399; baseline -0.002 -22"><span class='ocrx_word' id='word_1_281' title='bbox 115 4317 297 4378; x_wconf 85' lang='lat' dir='ltr'><strong>adulatione</strong></span> <span class='ocrx_word' id='word_1_282' title='bbox 318 4317 357 4378; x_wconf 87' lang='lat' dir='ltr'><strong>ad</strong></span> <span class='ocrx_word' id='word_1_283' title='bbox 388 4317 548 4378; x_wconf 72' lang='lat' dir='ltr'><strong>immeritae</strong></span> <span class='ocrx_word' id='word_1_284' title='bbox 568 4317 668 4380; x_wconf 88' lang='lat' dir='ltr'><strong>laudis</strong></span> <span class='ocrx_word' id='word_1_285' title='bbox 687 4318 922 4399; x_wconf 81' lang='lat' dir='ltr'><strong>possessionem</strong></span> <span class='ocrx_word' id='word_1_286' title='bbox 943 4315 1056 4378; x_wconf 88' lang='lat' dir='ltr'><strong>intrusi</strong></span> <span class='ocrx_word' id='word_1_287' title='bbox 1075 4324 1149 4375; x_wconf 85' lang='lat' dir='ltr'><strong>sunt</strong></span> 
     </span>
     <span class='ocr_line' id='line_1_36' title="bbox 114 4416 1147 4504; baseline 0 -25"><span class='ocrx_word' id='word_1_288' title='bbox 114 4417 237 4501; x_wconf 81' lang='lat' dir='ltr'><strong>aliqui?</strong></span> <span class='ocrx_word' id='word_1_289' title='bbox 267 4419 351 4500; x_wconf 86' lang='lat' dir='ltr'><strong>Quia</strong></span> <span class='ocrx_word' id='word_1_290' title='bbox 371 4417 469 4503; x_wconf 82' lang='lat' dir='ltr'><strong>igitur</strong></span> <span class='ocrx_word' id='word_1_291' title='bbox 487 4419 576 4482; x_wconf 83' lang='lat' dir='ltr'><strong>nulla</strong></span> <span class='ocrx_word' id='word_1_292' title='bbox 592 4431 723 4504; x_wconf 86' lang='lat' dir='ltr'><strong>apparet</strong></span> <span class='ocrx_word' id='word_1_293' title='bbox 740 4418 872 4501; x_wconf 87' lang='lat' dir='ltr'><strong>amplius</strong></span> <span class='ocrx_word' id='word_1_294' title='bbox 891 4419 925 4482; x_wconf 91' lang='lat' dir='ltr'><strong>in</strong></span> <span class='ocrx_word' id='word_1_295' title='bbox 943 4429 978 4482; x_wconf 90' lang='lat' dir='ltr'><strong>ta</strong></span> <span class='ocrx_word' id='word_1_296' title='bbox 996 4416 1147 4502; x_wconf 78' lang='lat' dir='ltr'><strong>gravitas,</strong></span> 
     </span>
    </p>
   </div>
   <div class='ocr_carea' id='block_1_3' title="bbox 0 0 1314 5108">
    <p class='ocr_par' dir='ltr' id='par_1_3' title="bbox 0 0 1314 5108">
     <span class='ocr_line' id='line_1_37' title="bbox 0 0 1314 5108; baseline 0 2"><span class='ocrx_word' id='word_1_297' title='bbox 0 0 1314 5108; x_wconf 95' lang='lat' dir='ltr'><strong> </strong></span> 
     </span>
    </p>
   </div>
  </div>
 </body>
</html>
