2618 5108
826 166 827 179 l

411 109 719 298 'j
761 272 779 283 ⁹

240 289 404 312 ,ann-ou·

393 822 595 900 Praedones
642 820 829 922 Dialogus.
1041 830 1114 906 205

479 1012 732 1079 Franciseu's.

174 1118 300 1182 Scilicet
328 1136 454 1181 omnem
484 1116 641 1192 divitiam,
685 1126 781 1198 atque
814 1119 980 1183 humanam
1012 1116 1117 1205 legem¹¹
1227 1190 1230 1195 ,

93 1229 332 1283 contemnerent
350 1217 417 1294 isti,
436 1237 542 1300 neque
561 1217 667 1280 sinunt
688 1218 857 1302 quicquam
876 1212 1115 1302 imperversum,

93 1342 164 1384 cum
182 1321 305 1383 lucrum
322 1320 484 1381 advertant
499 1316 575 1389 sibi,
598 1319 686 1403 quod
702 1319 843 1383 sitienter
860 1322 941 1384 adeo
959 1338 1115 1406 querunt,

93 1432 131 1483 ut
149 1420 187 1483 ab
207 1421 354 1482 omnibus
373 1419 488 1481 nostris
506 1419 643 1494 actibus,
658 1419 750 1507 etiag'n
770 1422 926 1497 consiliis,
947 1433 978 1485 et
998 1425 1117 1507 cogita·

99 1519 238 1583 tionibus
259 1521 410 1582 accedere
430 1519 491 1582 sibi
509 1520 616 1582 velint.
666 1508 774 1602 Atque
800 1520 897 1604 igitur
924 1523 1119 1589 invenerunt

94 1622 329 1686 confessionem
358 1620 471 1698 nobis,
515 1621 604 1702 quod
633 1631 680 1683 est
707 1624 799 1703 longe
831 1622 1052 1689 fertilissimum
1079 1625 1117 1689 iis

92 1723 274 1806 aucupium.
325 1720 389 1783 Ubi
418 1719 490 1803 salis
516 1719 611 1801 impia
637 1719 753 1782 habent
783 1745 838 1798 re,
870 1746 952 1808 quos
973 1739 1115 1791 extreme

43 1823 50 1843 '
90 1825 187 1888 odisti
220 1835 256 1886 tu
305 1812 467 1885 Huttenel
513 1819 645 1884 sacrifici
686 1832 875 1905 quaestores,
912 1835 944 1890 et
980 1827 1118 1894 mendici

90 1927 217 1990 tratres.
821 1934 824 1942 '

498 2024 715 2094 Huttenus.
796 2094 804 2108 ,

168 2131 219 2196 Illi
238 2128 310 2210 ipsi.
357 2125 438 2192 Nam
463 2127 565 2209 probe
594 2126 736 2193 instructi
767 2131 806 2195 ad
825 2133 1013 2215 perniciem,
1040 2138 1118 2205 scite

91 2235 295 2307 demulcent,
326 2241 362 2292 ut
392 2231 580 2311 emulgeant.
624 2230 677 2292 Ad
697 2235 786 2313 quod
806 2246 912 2315 aptant
930 2237 1021 2300 etiam
1041 2260 1119 2302 con·

91 2334 203 2399 eioues
222 2353 311 2408 araas,
337 2329 415 2392 etsi
440 2330 548 2392 demus
569 2329 718 2410 quidem,
739 2334 904 2399 adulantur
924 2338 1119 2405 amicissime.

91 2434 149 2499 Sin
161 2445 282 2508 autem,
305 2441 426 2493 terrent
443 2427 650 2505 horribiliter,
671 2442 702 2494 et
723 2436 877 2499 conviciis
895 2428 1115 2519 proscindunt,

91 2554 131 2598 ae
154 2531 325 2598 maledictis
356 2531 558 2594 insectantur.
604 2527 757 2594 Proiecto
783 2535 868 2598 eninr
896 2538 1054 2602 neminem
1072 2538 1116 2620 hi,

91 2633 195 2700 divini
223 2630 377 2696 sermonis
404 2630 627 2713 praedieatione
657 2633 696 2693 ad
715 2632 862 2713 pietatem
887 2636 1031 2714 incitant,
1062 2640 1121 2705 sed

91 2735 270 2800 fabularum
281 2731 474 2809 commentis,
491 2733 531 2794 ad
539 2730 795 2810 superstitionem
804 2735 919 2817 passim
932 2738 1122 2804 accendunt.

93 2837 210 2920 Neque
230 2854 290 2896 nos
310 2831 514 2896 sanctimonia
539 2832 609 2894 vitae
638 2834 677 2896 ad
707 2839 816 2899 melius
835 2819 1009 2901 vi'vendum
1028 2837 1122 2903 indu·

93 2947 188 3012 eunt,
218 2934 277 2998 sed
306 2931 555 3001 caerimoniarum
583 2935 794 2999 ostentatione
831 2938 872 2999 ad
903 2939 1122 3022 dissipandum

90 3034 244 3102 inutiliter
264 3032 428 3114 pecuniam
447 3034 589 3117 adigunt.
636 3035 784 3114 Quorum
805 3037 861 3119 qui
882 3039 998 3101 docent
1016 3062 1121 3123 popu·

90 3139 178 3213 lum,
209 3134 326 3198 rectius
347 3145 485 3197 tacerent
504 3133 607 3197 etiarn.
656 3136 736 3197 Nam
755 3137 853 3199 verba
872 3137 934 3200 Dei
954 3161 1021 3202 non
1041 3162 1121 3224 prae·

91 3237 218 3312 dicant,
250 3256 351 3318 nugas
371 3236 560 3316 praedicant3
590 3242 685 3316 atque
705 3235 748 3298 ita
766 3237 883 3300 facturn
901 3251 966 3318 est,
993 3253 1031 3305 ut
1049 3261 1122 3307 euru

89 3339 164 3424 ipso
183 3357 273 3420 paene
294 3333 421 3398 Christo
443 3333 654 3414 Evangeliurn
674 3336 848 3400 evanuerit.

500 3457 721 3522 Mercator.

182 3562 229 3625 Ita
248 3571 307 3624 est.
343 3561 425 3623 Nam
448 3558 563 3640 passim
584 3560 679 3621 video
701 3561 878 3623 effictorum
898 3561 1122 3628 miraculorum

92 3662 274 3726 narratione
306 3673 460 3745 quaestum
487 3660 592 3722 lacere
613 3659 868 3723 concionatores
889 3683 991 3739 nunc,
1025 3665 1122 3748 longe

86 3764 303 3846 uberrimum.
337 3763 406 3845 Qui
425 3761 481 3824 ubi
500 3762 577 3823 darc
597 3780 655 3822 nos
675 3759 801 3837 vident,
822 3761 950 3825 delicias
966 3758 1123 3848 'quasdem

95 3866 253 3942 coelestes,
280 3874 313 3925 et
331 3863 426 3925 vitam
445 3861 524 3925 mire
544 3860 713 3942 jucundam
735 3861 939 3942 pollicentur3
969 3864 1024 3926 ubi
1042 3887 1121 3929 vero

93 3965 173 4030 nibil
191 3968 387 4038 eluerentur,
417 3961 464 4024 ita
487 3962 670 4024 futurorum
700 3961 926 4041 suppliciorum
951 3975 1039 4026 metu
1059 3976 1123 4028 ter·

94 4076 186 4143 rent,
223 4075 260 4128 ut
290 4085 401 4149 parum
431 4061 529 4141 absit,
568 4059 645 4146 quin
684 4062 724 4124 ad
752 4063 899 4146 laqueum
923 4084 990 4126 non
1016 4068 1121 4131 nullos

95 4164 237 4252 adigant.

506 4266 723 4333 Huttenus.

177 4375 289 4461 Atque
307 4371 356 4438 his
375 4368 540 4437 autoribus
552 4367 777 4448 Ethnicorum,
799 4368 881 4433 circa
900 4368 1043 4434 divinum
1058 4373 1124 4435 cul·

98 4486 185 4554 tum,
214 4474 386 4540 vanitatem
408 4492 474 4535 non
497 4491 655 4556 aequamus
674 4467 754 4551 jam,
785 4470 842 4536 sed
867 4474 964 4554 longe
984 4491 1123 4552 exsupe-
