2618 5108
257 813 315 886 M.
340 807 493 885 Lutheri
517 808 565 880 ed
588 805 783 882 Eresmtu'n
806 806 921 905 Epist
1025 809 1101 886 5⁶7

84 1006 205 1069 nostris
227 1001 334 1066 castris
351 999 549 1075 misceretis,
581 999 802 1084 cui'negotio‚
833 1001 893 1063 etsi
918 1000 1048 1083 ingenio
1067 1006 1100 1065 e't

81 1104 265 1188 eloquentia
292 1104 425 1166 multum
448 1101 612 1182 prodesse
633 1121 767 1182 postes,
800 1112 907 1164 tamen
934 1119 1004 1162 cum
1033 1114 1101 1163 non

81 1205 160 1266 adsit
180 1205 318 1279 animus,
344 1202 441 1265 tutius
460 1213 528 1265 erat
542 1201 577 1264 in
595 1212 652 1263 tuo
672 1201 759 1264 duno
778 1201 908 1264 servire.
946 1202 1018 1262 Hoc
1036 1221 1098 1271 so·‚

65 1308 145 1367 lum
165 1304 350 1379 timebatur,
378 1323 424 1364 ne
444 1303 574 1386 quande
594 1321 654 1384 per
670 1301 867 1364 adversarius
887 1300 1090 1400 aplducereris

84 1403 177 1466 editis
193 1403 315 1465 libellis
347 1402 381 1464 in
404 1403 552 1483 dogmata
581 1413 690 1466 nostra
718 1400 869 1484 passeri,
901 1413 933 1463 et
951 1412 1016 1463 tum
1035 1420 1096 1464 nos

82 1503 253 1565 necessitas
271 1512 418 1584 urgeret,
446 1501 504 1564 tibi
522 1502 554 1563 in
574 1501 685 1566 laniem
696 1502 855 1565 resistere.
893 1498 1112 1583 Compescuiae

84 1624 155 1665 mus
184 1622 259 1664 sane
284 1603 423 1685 aliquos,
452 1601 509 1685 qui
534 1600 596 1684 jam
622 1603 737 1683 paratis
766 1601 853 1666 libris
872 1611 904 1664 te
922 1602 954 1664 in
974 1621 1101 1666 arenam

84 1705 209 1765 trahere
237 1703 401 1779 volebant,
433 1713 529 1785 atque
560 1723 598 1764 ea
625 1701 707 1765 ratio
733 1701 814 1779 luit,
840 1711 876 1764 ut
908 1713 939 1765 et
967 1701 1101 1765 Hutteni

81 1802 370 1883 expostulationem
390 1801 522 1882 optarim
541 1823 607 1864 non
627 1801 759 1864 editemt
779 1805 877 1867 multo
895 1803 998 1866 minus
1016 1812 1102 1865 mam
1219 1856 1228 1871 ,

82 1904 271 1984 Spongiam,
291 1903 420 1986 inqua,
441 1903 624 1979 nisilallor,
644 1912 679 1964 tu
699 1903 768 1981 ipse
789 1901 851 1984 jam
871 1900 986 1985 sentis,
1008 1923 1102 1984 quatu

83 1988 179 2065 facile
199 2003 239 2065 sit
259 2003 299 2063 de
324 2003 479 2066 modestia
500 2002 656 2077 s‘crihere,
682 2001 765 2064 etin
784 2003 928 2065 Luthero
951 2002 1102 2066 bumotle·

85 2102 176 2166 stiam
189 2123 334 2185 arguere.
347 2102 412 2164 seo
422 2103 644 2180 difficillimum,
656 2103 719 2166 imo
729 2101 931 2184 impossibile,
943 2114 1101 2187 prestare,
1127 2178 1128 2182 Ἰ

79 2203 149 2267 nisi
177 2204 264 2266 dono
292 2202 426 2285 Spiritus
454 2203 614 2287 singulari.
663 2202 784 2268 Credas
810 2191 922 2286 igitur,
953 2204 1006 2268 vel
1034 2225 1101 2268 non

80 2303 214 2379 eredas,
233 2302 321 2366 testis
340 2313 389 2364 est
409 2301 572 2380 Christus,
590 2324 632 2364 ex
651 2302 756 2367 animo
775 2325 827 2366 me
844 2304 901 2365 tibi
917 2303 1100 2381 condolere,

85 2414 133 2465 tut
149 2415 183 2468 et
199 2404 357 2464 tantorum
370 2403 443 2466 odia
451 2405 503 2465 vel
514 2403 617 2467 studia
627 2424 696 2466 ease
708 2402 742 2466 in
760 2415 792 2466 te
810 2403 938 2467 irritata.
977 2403 1101 2484 Quibus

70 2513 123 2564 :ut
151 2524 217 2565 non
245 2501 403 2565 movearis
434 2503 537 2586 (quod
562 2513 616 2567 tua
649 2515 697 2566 est
722 2507 856 2567 humana
879 2503 980 2566 virtue
1010 2502 1102 2567 tantis

82 2603 221 2667 molibus
239 2603 350 2685 impar)
365 2603 496 2667 credere
511 2624 577 2666 non
591 2624 732 2686 possm
768 2607 967 2686 Quamquam
982 2613 1014 2666 et
1032 2602 1103 2666 illos

79 2702 172 2767 torte
202 2713 330 2765 moveat
354 2700 456 2783 justus
483 2705 587 2780 zelus,
618 2713 656 2765 ut
683 2701 745 2765 sibi
770 2702 937 2767 videantur
964 2701 1103 2784 indignis

81 2801 190 2865 modis
211 2821 230 2862 a
248 2801 474 2883 teprovocati.
512 2805 570 2878 Et,
598 2804 648 2881 (ut
664 2802 765 2867 libere
793 2803 905 2880 lateat)
930 2823 1003 2866 cum
1027 2803 1103 2867 tales
1128 2860 1132 2870 .

86 2901 169 2978 sint,
201 2900 257 2985 qui
276 2911 363 2967 tuam
386 2901 588 2967 acerbitatem
617 2913 651 2968 et
674 2901 918 2979 simulationem,
943 2923 1039 2986 quam
1067 2912 1104 2966 tu

79 2998 290 3084 prudentiam
309 3013 343 3064 et
357 3000 542 3066 modestiam
558 3001 635 3066 velis
654 3002 802 3085 intelligi,
824 3024 884 3085 pro
900 3023 957 3065 sua
970 2989 1103 3086 quoque

86 3101 266 3164 infirmitate
278 3101 366 3166 ferre
380 3113 558 3186 nequeant,
577 3102 807 3179 habentium,
824 3102 875 3165 ob.
884 3101 974 3186 quod
987 3099 1102 3166 merito

85 3199 305 3282 indignantur,
340 3200 417 3264 nibil
443 3201 598 3279 babituri,
625 3203 652 3264 ti
677 3201 830 3266 fortiores
859 3200 1103 3277 essentcnituie·

86 3300 238 3383 Quamvis
254 3310 360 3362 tamen
374 3311 406 3363 et
421 3320 484 3383 ego
497 3301 666 3378 irritabilis,
685 3301 822 3370 irritatus
841 3299 957 3366 luerim
979 3302 1103 3384 saepius,

84 3411 122 3464 ut
139 3398 284 3464 acerbius
304 3400 492 3480 scriberem,
514 3413 617 3465 tamen
633 3403 698 3464 hoe
720 3423 787 3465 non
801 3401 885 3478 leci,
903 3401 965 3465 nisi
980 3402 1012 3464 in
1030 3423 1104 3482 per·

85 3501 204 3565 maces
222 3511 256 3564 et
272 3499 454 3566 indomitos.
491 3500 649 3565 Caeterum
667 3501 831 3566 clementia
845 3512 877 3564 et
894 3500 1103 3565 mansuetudo

87 3622 158 3665 mea
176 3621 254 3682 erga
278 3611 463 3685 peccatores
482 3613 515 3663 et
540 3601 672 3682 impios,
701 3601 900 3686 quantumvis
928 3601 1053 3663 insanos
1071 3592 1104 3664 et

68 3700 216 3785 ‚iniquos
252 3701 411 3778 arbitror,
456 3722 525 3764 non
552 3702 650 3765 modo
683 3712 765 3764 teste
793 3721 861 3762 mea
898 3699 1102 3778 couscientia,
1209 3750 1213 3758 .

78 3801 144 3862 sed
162 3803 328 3866 multorum
346 3801 543 3885 experientia
569 3802 643 3866 satis
661 3811 772 3867 testata
794 3800 844 3864 sit.
882 3801 934 3865 Sic
952 3802 1102 3866 hactenus

79 3899 205 3976 stylum
234 3900 380 3979 cohibui,
414 3913 576 3986 uteunque
608 3921 768 3986 pungeres
789 3922 860 3977 me,
892 3901 1103 3964 cohibiturum

88 3997 183 4062 etiarn
211 3999 344 4080 scripsi,
374 4000 409 4064 iu
426 4002 524 4065 literis
545 4003 586 4066 atl
613 4001 747 4077 amicos,
781 4023 851 4084 quae
883 4000 941 4062 tibi
971 4018 1103 4083 quoque

79 4099 173 4161 *lectae
194 4108 285 4174 sunt,
316 4098 422 4161 donee
439 4103 540 4182 putatu
558 4101 700 4184 prodire.
739 4101 827 4166 ‚Nam
856 4111 1018 4182 utcunque
1037 4118 1102 4160 non

87 4197 255 4261 nobiscum
282 4195 397 4281 sapias,
430 4211 463 4262 et
478 4203 632 4284 pleraque
651 4201 774 4283 pietatis
793 4200 912 4280 capita,
939 4201 989 4261 vel
1009 4197 1104 4278 impie

13 4333 20 4343 -
78 4299 141 4359 rel
153 4298 336 4362 simulanter
350 4297 496 4377 damnes,
511 4311 566 4372 eut
580 4302 765 4383 suspendas,
787 4298 988 4382 pertinaciam
1002 4309 1104 4359 tamen

89 4396 146 4460 tihi
160 4399 318 4474 ,nibuere
348 4414 414 4464 nott
444 4420 603 4484 possum,
620 4415 728 4483 neque
755 4400 843 4463 volo.
889 4399 982 4462 Nune
1001 4409 1103 4461 autem
