2618 5108
192 847 261 917 tta
527 837 696 926 Monitor
731 838 884 939 primus,

599 1033 791 1100 Monitor.

266 1137 354 1218 Quid
373 1137 435 1215 eis,
469 1136 581 1219 optimi
605 1135 740 1217 pastoris
768 1133 907 1198 officium
936 1156 1005 1198 uon
1033 1144 1083 1198 eet
1101 1156 1220 1214 augere

188 1255 339 1322 gregem,
361 1239 481 1302 docere
495 1238 728 1313 obedientiam,
748 1259 819 1321 quae
834 1239 903 1318 plus
913 1247 961 1299 est
973 1256 1069 1319 quem
1084 1236 1220 1313 victima,

188 1338 330 1421 affligere
359 1361 395 1402 se
422 1339 525 1414 curis,
554 1349 587 1401 et
612 1359 771 1402 macerare
798 1335 1027 1414 sollicitudine,
1056 1348 1092 1399 ut
1120 1323 1222 1418 possit

189 1460 287 1523 quam
305 1438 414 1502 ultime
427 1441 607 1522 provehere
622 1460 691 1503 rem
702 1437 869 1503 ecclesiae?

595 1540 809 1609 Lutherus.

263 1641 339 1715 Est,
369 1640 396 1703 si
416 1641 476 1703 rite
508 1639 627 1722 capias3
659 1661 732 1702 nam
755 1661 875 1722 augere
899 1637 1017 1702 Christi
1035 1659 1168 1721 gregem
1187 1639 1221 1702 in

189 1739 301 1804 animis
322 1752 370 1803 est
388 1741 450 1823 ipsi
466 1740 545 1803 lucri
564 1740 727 1803 faciendis.
766 1741 865 1823 Quod
885 1738 942 1822 qui
961 1737 1042 1820 agit,
1063 1738 1221 1820 isprove·

188 1843 266 1906 here
286 1840 363 1908 fidei
378 1840 489 1903 limites
506 1852 592 1903 recte
606 1840 740 1903 dicetur.
778 1839 885 1923 Siquis
901 1860 981 1902 vero
994 1841 1056 1902 hoc
1069 1850 1221 1917 pretexat

189 1941 338 2027 quidem,
358 1941 392 2005 id
406 1961 485 2003 vero
502 1953 590 2022 agat,
612 1953 647 2003 ut
665 1941 832 2023 pecuniam
850 1939 1034 2022 conquirat,
1055 1952 1087 2000 ct
1106 1951 1221 2021 poten·

188 2043 264 2108 tiam
284 2041 428 2116 invadat,
448 2041 530 2105 scias
544 2063 618 2103 cum
631 2062 697 2103 uon
714 2040 835 2105 Christi
848 2062 917 2105 esse
932 2041 1142 2122 Apostolum,
1162 2041 1220 2102 scd

148 2223 151 2228 Ι
187 2140 375 2209 Christianae
400 2142 542 2207 veritatis
564 2163 797 2224 perversorem.
847 2143 898 2205 De
925 2140 1106 2221 cujusmodi
1131 2154 1220 2204 recte

187 2245 306 2309 Paulus
325 2243 531 2326 premonuit3
554 2288 567 2314 „
579 2242 670 2326 quod
682 2242 783 2318 facio,
804 2242 926 2326 inquit,
946 2242 1032 2304 idem
1048 2241 1218 2318 etfaciam,

135 2332 138 2338 ’
186 2354 223 2411 ut
241 2356 399 2424 amputem
421 2341 620 2404 occasionem
640 2341 696 2419 iis,
717 2343 773 2426 qui
793 2342 926 2423 cupiunt
946 2344 1164 2418 occasionem,
1183 2354 1219 2404 ut

186 2443 221 2507 in
236 2463 296 2520 eo,
318 2444 438 2526 dequo
455 2441 650 2524 gloriantur,
670 2441 886 2523 reperiantur,
903 2446 1171 2528 quemadmodum
1186 2454 1220 2505 et

184 2549 279 2607 nos.“
319 2542 485 2625 Siquidem
512 2542 691 2606 istiusmodi
712 2544 979 2625 Pseudoapostoli
1000 2545 1140 2624 operarii
1159 2545 1218 2607 do-

183 2643 245 2708 losi
256 2652 344 2719 sunt,
358 2653 482 2724 sumpta
490 2663 626 2724 persona
633 2643 863 2725 Apostolorum
876 2644 1005 2708 Christi.
1026 2644 1219 2708 Obedicntia

182 2766 284 2822 vero,
308 2765 402 2828 quam
421 2743 519 2820 dicis,
546 2765 614 2806 non
633 2747 698 2807 haec
717 2756 782 2819 est,
812 2767 882 2828 quae
903 2746 1051 2807 Romano
1069 2744 1218 2808 Pontifici

183 2858 347 2933 praestatur
365 2847 479 2923 hodie,
503 2845 560 2909 sed
576 2846 616 2908 de
627 2844 834 2928 quadicitur,
855 2843 930 2927 quia
941 2845 1074 2909 obedire
1089 2856 1220 2927 oportet

180 2952 280 3033 magis
301 2949 393 3024 Deo,
414 2968 509 3029 quam
528 2946 720 3009 hominihus.
740 2945 899 3008 Praeterea
917 2945 1031 3009 summi
1049 2945 1218 3012 Pontificis

182 3050 284 3134 siquis
297 3070 368 3113 esse
385 3048 499 3110 debeat
512 3049 573 3110 hoc
589 3057 750 3127 tempore,
768 3048 903 3110 officium
917 3058 978 3124 est,
993 3066 1125 3128 pascere
1139 3067 1218 3113 oves

183 3148 313 3214 Christi.
343 3151 417 3211 Hoc
438 3159 541 3211 autem
560 3145 594 3210 in
609 3168 650 3210 eo
667 3147 761 3216 situm
776 3159 841 3224 est,
871 3158 908 3210 ut
921 3147 1075 3229 exemplis
1090 3156 1218 3227 praeeat,

181 3247 272 3324 [actis
293 3250 455 3324 ostendat,
481 3249 566 3329 apud
588 3248 693 3310 Deum
713 3248 774 3330 piis
795 3270 855 3330 pro
875 3250 997 3330 populo
1019 3246 1217 3313 orationibus

181 3347 377 3426 intercedat,
415 3348 558 3411 doctrina
586 3349 730 3425 erudiat,
769 3352 990 3413 exhortatione
1019 3359 1216 3434 permoveat,

184 3451 298 3519 sedulo
328 3463 360 3516 et
396 3450 566 3532 diligenter
597 3450 764 3532 advigilet,
808 3450 932 3533 nequid
958 3453 1000 3515 de
1030 3470 1129 3536 grege
1156 3451 1217 3518 sibi

182 3563 309 3637 pereat,
337 3552 485 3617 omnihus
505 3553 565 3615 viis
586 3552 735 3627 obsistat,
766 3552 889 3635 nequid
918 3573 1053 3636 usquam
1078 3555 1217 3620 aberret.

183 3654 249 3718 Sed
268 3675 377 3737 neque
396 3655 460 3717 hoc
478 3673 609 3736 pascere
634 3651 695 3729 illi,
718 3651 778 3715 nisi
799 3661 921 3717 tantum
941 3665 1023 3718 amet
1043 3654 1216 3733 Christum,

181 3754 268 3817 utin
284 3753 464 3818 dilectionis
479 3752 683 3834 professione
698 3753 780 3816 arisit
795 3753 919 3830 dicere,
941 3756 1052 3820 tuscis
1068 3756 1215 3833 Domine,

129 3907 132 3920 ,
183 3852 260 3940 quia
289 3874 361 3917 amo
388 3867 438 3928 te,
470 3852 694 3930 committitur,
723 3864 760 3917 ut
788 3874 830 3917 ne
857 3854 1019 3919 existimes
1047 3877 1124 3933 eos,
1159 3855 1217 3942 qui

181 3955 350 4039 pecuniam
369 3963 488 4031 eruant,
508 3953 569 4017 rite
589 3954 769 4036 Episcopus
787 3956 869 4020 lieri.

605 4054 803 4121 Monitor.

256 4156 302 4222 At
331 4159 397 4221 haec
430 4159 541 4221 eadem
569 4158 713 4242 agnoscit
743 4160 908 4223 Romanus
943 4170 1073 4234 noster,
1106 4179 1215 4245 neque

180 4257 345 4340 impugnet
373 4270 455 4341 puto
484 4282 554 4342 que
580 4259 678 4335 dicis,
705 4260 762 4323 sed
781 4260 889 4343 siquid
907 4259 992 4322 idem
1010 4270 1065 4321 aut
1083 4259 1145 4322 sihi
1164 4281 1217 4323 re·

180 4361 291 4438 mittit,
320 4373 374 4424 aut
394 4361 461 4424 aliis
481 4361 640 4446 indulget,
669 4361 703 4424 id
727 4381 763 4424 se
782 4361 968 4437 arbitratur,
997 4381 1040 4423 ex
1057 4372 1215 4443 potestate
1287 4370 1289 4377 ’

180 4463 240 4528 sihi
259 4463 414 4547 permissi
433 4461 552 4529 lacere.
