2618 5108
207 795 283 885 ἄῤ
463 766 479 883 ‚¹
525 771 853 899 spongieErasmi

210 999 278 1063 eet,
308 988 534 1071 ipsaepistolm
551 1007 629 1053 mea
656 989 755 1053 verbu
778 988 987 1058 subscribere.
1032 1037 1046 1062 „
1054 991 1172 1065 Causa,
1202 986 1233 1053 si

206 1108 289 1162 ,uera
307 1102 448 1162 narrant,
480 1092 546 1156 boc
564 1090 648 1154 luit.
687 1088 772 1152 Cum
789 1091 963 1171 periculum
983 1102 1084 1166 esset,
1104 1110 1144 1152 ne
1164 1089 1234 1155 dux

209 1188 520 1273 wurtembergensis
564 1189 783 1272 Studgardiam
822 1191 995 1272 reciperet,
1037 1189 1234 1253 Rcuclilinus

206 1289 335 1367 'civibus
367 1291 487 1373 aliquot
519 1301 584 1354 orat
611 1302 721 1362 sutor,
751 1302 787 1353 ut
811 1292 871 1352 alio
896 1291 1128 1373 demigrarent,
1163 1289 1234 1368 ipse

210 1409 316 1453 comes
339 1389 403 1452 illis·
420 1391 559 1455 futurus.
603 1391 818 1473 Profugerant
840 1392 900 1455 illi·
944 1393 1135 1454 Reuchlinus
1162 1411 1234 1453 mu·

209 1499 273 1567 tato
291 1490 428 1566 consilio
448 1491 575 1566 mansit,
605 1511 668 1554 suu
688 1493 871 1574 supellectili
890 1496 1068 1554 consulens.
1106 1490 1232 1553 Deinde

204 1610 330 1665 aursus,
350 1592 518 1674 profligato
536 1591 629 1666 duce,
650 1593 708 1674 per'
720 1594 873 1676 quosdam
890 1594 1006 1656 amicos
1020 1594 1230 1671 impetratum,

204 1693 250 1768 pre
275 1688 379 1771 victor
406 1689 564 1754 exercitus
595 1691 719 1755 seviret
749 1695 781 1756 in
807 1695 936 1757 domum
967 1694 1153 1766 Reuchlini,
1173 1693 1232 1757 sed

209 1789 296 1853 cives
317 1788 377 1865 illi,
400 1812 482 1872 quos
501 1791 672 1868 lelellerat,
691 1795 813 1856 reversi
832 1795 1021 1858 exhibebant
1044 1793 1111 1854 seni
1131 1813 1231 1873 nego·

204 1889 297 1969 tium.
349 1889 440 1967 Nunc
479 1893 597 1965 omnia¹
617 1914 673 1954 sua
700 1894 810 1957 eduxit
844 1898 943 1971 salva,
982 1907 1015 1957 et
1046 1894 1230 1976 lngolstadii

204 1989 407 2074 tranquillam
428 1992 492 2073 agit
510 1993 630 2055 vitam.“
665 1994 825 2058 Hactenus
846 1997 982 2077 epistolae
1003 1997 1101 2058 verba
1120 2016 1228 2059 recen·

209 2090 269 2154 sui.
309 2093 402 2154 Nunc
420 2114 487 2157 rem
507 2104 544 2154 ut
562 2094 655 2155 habet
674 2095 781 2173 parteis
801 2096 925 2176 accipe,
945 2099 1054 2157 lector.
1074 2097 1228 2173 Primum,

210 2215 305 2276 quam
330 2193 430 2254 amico
457 2193 561 2255 animo
596 2194 711 2256 luerim
745 2196 777 2257 iu
807 2195 1015 2259 Renchlinum
1039 2217 1102 2256 non
1132 2198 1230 2259 modo

209 2304 305 2356 testes
325 2304 399 2356 sunt
419 2315 494 2356 rncae
515 2295 764 2370 lucubrationes,
787 2317 897 2358 verum
917 2296 1009 2358 etiarn
1028 2318 1138 2359 omnes
1159 2298 1232 2380 qui·

207 2391 341 2454 buscum
367 2392 561 2456 familiariter
587 2394 664 2457 vixi.
703 2397 786 2457 Ante
814 2398 991 2476 complures
1011 2417 1127 2472 annos,
1158 2419 1232 2462 cum

211 2490 357 2572 Capnion
382 2504 551 2574 urgeretur
585 2496 819 2577 asycophantis
845 2497 926 2570 suis,
961 2497 1084 2577 scripsit
1115 2499 1153 2558 ad
1179 2520 1231 2561 me

208 2603 275 2655 tum
303 2604 447 2674 agentem
479 2592 513 2655 in
542 2595 670 2676 Angla,
703 2607 754 2671 ut,
782 2596 953 2657 conciliatis
972 2596 1092 2679 aliquot
1112 2599 1231 2678 amicis,

207 2694 395 2757 innocentiae
415 2718 478 2758 suae
498 2697 707 2775 patrocinium
727 2697 929 2777 susciperem.
978 2698 1040 2758 Hic
1059 2701 1128 2777 plus
1151 2721 1233 2779 pree-

209 2798 292 2874 niti,
314 2819 407 2882 quam
425 2798 571 2878 rogabat:
602 2819 707 2882 neque
727 2797 811 2859 enim
830 2799 931 2860 solum
958 2797 1019 2859 illic
1038 2803 1153 2862 multos
1175 2803 1232 2863 ad-

208 2899 287 2962 duxi
307 2900 339 2981 in
359 2920 496 2961 amorem
517 2898 613 2974 illius,
634 2920 745 2960 verum
765 2897 857 2960 etiam
877 2899 985 2959 Romae
1007 2898 1231 2965 Cardinalibus

208 3001 328 3083 aliquot
348 2999 428 3062 illius
447 3019 572 3062 causam
591 2999 819 3060 commendavi.
841 3000 995 3060 intereos
1009 3013 1123 3074 autem,
1145 3024 1230 3084 quos

208 3100 252 3160 illi
272 3100 469 3171 conciliarant
496 3101 581 3180 apud
610 3101 748 3180 Auglos,
787 3097 961 3178 praecipuus
990 3111 1037 3161 est
1064 3102 1231 3164 Reveren-

207 3198 266 3261 dus
297 3201 390 3261 l'atcr
410 3214 553 3265 Joannes
572 3200 749 3279 Episcopus
771 3197 941 3261 lloffensis.
980 3200 1010 3262 ls
1031 3199 1113 3262 eninr
1138 3224 1231 3282 paene

208 3298 372 3380 deperibat
392 3301 424 3361 in
444 3301 656 3381 Capnionem‚
677 3311 737 3361 tam
756 3298 920 3379 magnifice
940 3300 980 3361 de
1000 3300 1051 3360 illo
1075 3302 1229 3380 sentiens,

144 3433 147 3438 ·
208 3410 244 3460 ut
262 3421 312 3461 me
333 3423 396 3481 prae
417 3400 469 3463 illo
489 3412 615 3482 putaret
634 3400 708 3461 nihil
736 3400 833 3474 scire,
865 3399 1059 3482 captaritque
1086 3405 1243 3466 occasio··

207 3521 280 3564 nem
319 3501 532 3584 relinquendae
558 3500 739 3576 Britanniae,
776 3510 812 3561 ut
845 3520 915 3561 cunt
944 3500 1108 3581 Capnione
1140 3507 1232 3568 velut

208 3606 337 3666 oraculo
377 3623 485 3665 rerum
514 3603 653 3664 omnium
684 3599 917 3664 reconditarum
940 3601 1041 3680 possit
1075 3605 1231 3689 colloqui.

207 3705 303 3766 Hunc
323 3703 457 3765 hominis
478 3705 640 3778 allectum,
671 3701 910 3777 cremitarum,
941 3701 983 3762 ita
1009 3722 1133 3781 semper
1153 3707 1228 3782 alui,

206 3803 282 3868 nihil
321 3805 479 3879 offensus,
516 3803 605 3885 quod
632 3801 777 3881 Capnion
802 3803 884 3881 apud
925 3804 1010 3863 hunc
1040 3803 1230 3868 obscuraret

209 3905 393 3986 opinionem
406 3925 520 3979 meam,
541 3903 605 3964 imo
624 3903 775 3984 gaudens,
796 3903 884 3985 quod
899 3904 989 3983 talem
1010 3902 1111 3964 virum
1131 3905 1229 3968 habe-

208 4016 257 4069 ret
287 4005 346 4066 sibi
374 4016 435 4066 tam
463 4003 631 4066 addictum.
689 4001 882 4063 Consulebat
913 4024 961 4063 me
994 4004 1154 4067 Roffensis
1185 4008 1228 4068 de

207 4105 378 4167 honorario
409 4125 540 4167 munere
566 4103 729 4167 mittendo.
785 4104 854 4182 Qua
875 4102 1003 4185 quidem
1023 4102 1055 4163 in
1075 4126 1110 4166 re
1131 4127 1227 4187 quam

210 4206 376 4270 inviderim
399 4206 595 4282 Reuchlino‚
625 4204 692 4284 ipse
722 4203 807 4265 testis
833 4202 967 4281 optimus
995 4225 1064 4266 esse
1091 4218 1226 4286 poterat.

206 4307 257 4374 De
279 4307 437 4371 Roffcnsis
456 4306 553 4388 igitur
582 4305 693 4366 favore
711 4304 897 4387 frequenter
916 4304 1027 4383 scripsi
1049 4305 1220 4386 Capnioni,

208 4408 338 4489 cupiens
359 4408 495 4472 animum
514 4403 596 4470 illius
615 4404 721 4489 aliquo
738 4403 850 4471 solatio
865 4404 1042 4469 sublevare.
1073 4407 1226 4485 Rursum,
