2618 5108
148 802 222 875 362
322 796 400 877 Ulr.
427 796 474 909 ab
498 794 640 871 Hutten
665 819 750 869 cum
774 796 930 872 Erasmo
954 797 1039 871 Rot.

149 1010 242 1073 agas,
273 1000 307 1053 et
324 987 509 1053 nominatim
527 988 632 1070 ipsum
661 1008 712 1051 rne
732 991 892 1073 flagelles,
921 1002 954 1052 et
979 1009 1061 1071 quos
1082 1006 1179 1051 caros

148 1092 269 1169 babeo,
291 1090 433 1154 odiosius
455 1110 549 1173 quam
568 1090 736 1151 ferendum
757 1091 856 1152 amico
881 1092 920 1155 sit
946 1103 1078 1165 tractes,
1099 1108 1180 1151 cont

147 1204 213 1267 tra,
235 1192 290 1277 qui
308 1190 480 1271 capitaliter
496 1189 612 1251 inimici
624 1200 715 1266 suut,
735 1192 880 1254 laudibus
894 1193 926 1253 in
943 1194 1054 1253 eoelum
1068 1188 1179 1253 seras?

148 1298 221 1377 Qua
243 1294 284 1356 de
306 1314 357 1369 re,
391 1291 465 1375 quia
490 1291 590 1370 prima
621 1289 702 1365 fuit,
730 1313 824 1373 quam
849 1294 1049 1373 expostulare
1069 1303 1178 1353 tecum

147 1393 309 1471 volebam,
340 1392 432 1455 nimis
451 1395 583 1473 longum
602 1389 717 1452 distuli.
767 1392 877 1475 ltaque
898 1392 1005 1473 ,rauseis
1025 1412 1176 1473 peragam

148 1496 256 1579 prius,
278 1515 371 1578 (liram
390 1494 431 1555 dc
450 1493 632 1553 Lutlrerana
651 1492 803 1552 calumnia
823 1515 1015 1575 prosequar;
1037 1504 1075 1555 ut
1094 1492 1123 1554 si
1141 1502 1177 1553 tu

147 1599 210 1661 lroc
228 1617 294 1659 non
313 1595 421 1658 videas
435 1593 536 1667 l'orte,
556 1591 730 1654 autminus
750 1593 951 1670 consideres,
972 1605 1044 1655 aute
1065 1594 1178 1655 oculos

145 1717 183 1761 ac
202 1698 235 1759 iu
254 1706 391 1759 mentem
411 1714 526 1774 ponam
548 1692 623 1768 tibi,
652 1694 917 1775 queamdmodum
942 1705 974 1755 et
1005 1695 1127 1757 amicos
1147 1703 1179 1757 et

146 1796 291 1861 inimicos
305 1796 422 1857 habere
442 1796 554 1856 soleas.
594 1794 753 1855 Praetereo
774 1794 905 1883 leviora.
944 1794 997 1858 Sic
1015 1794 1131 1857 scribis
1146 1793 1177 1857 ia

146 1898 281 1983 quadam
301 1896 341 1957 ad
362 1896 586 1957 lloclistratum
606 1892 754 1973 epistola:
791 1892 902 1967 ,Casu
922 1906 1032 1956 nactus
1052 1916 1127 1957 sum
1145 1894 1178 1957 in

146 2042 162 2075 „
172 1998 270 2061 aliena
284 1996 472 2059 bibliotheca
485 1993 640 2075 jacentem
652 1992 789 2056 libellum
804 1996 988 2078 quemdam,
1007 1995 1177 2059 habentem

144 2098 320 2180 ,epistolas
332 2098 470 2180 aliquot,
489 2115 601 2177 magna
624 2093 765 2155 libertate
788 2098 1016 2159 stomachantes
1038 2095 1072 2157 iu
1094 2097 1178 2160 Rev.

143 2199 397 2274 ,Paternitatem
425 2209 521 2257 tuam.
559 2193 681 2270 Prima,
704 2195 738 2257 ni
763 2194 874 2271 fallor,
896 2208 962 2259 erat
987 2196 1177 2276 Caprrionis,

145 2302 267 2375 ,altera
287 2296 446 2359 clarissimi
467 2294 600 2358 Comitis
620 2317 637 2356 a
657 2297 750 2357 Nova
764 2298 897 2378 Aquila,
922 2297 1014 2359 tertia
1031 2296 1175 2375 Buscbii,

145 2394 434 2491 ,quartallutteni
453 2398 573 2457 Harum
584 2396 724 2457 omnium
737 2399 969 2459 arnarulentiam
979 2402 1068 2461 trullo
1082 2411 1177 2480 pacto

144 2500 259 2575 ,ferre
278 2498 469 2578 potuissem,
490 2495 551 2557 nisi
570 2496 686 2573 scripta
705 2496 793 2575 prius
814 2519 851 2559 ea
871 2498 1033 2579 legissem,
1055 2502 1176 2584 quibus

146 2644 163 2675 „
173 2599 212 2660 ad
228 2600 306 2661 banc
320 2594 535 2677 intemperiem
549 2595 738 2658 videbantur
753 2598 885 2660 cllerati.
916 2602 978 2661 Eas
995 2600 1095 2685 igitur
1111 2624 1177 2665 uon

144 2699 306 2781 ,simplici
334 2718 406 2761 cum
433 2698 546 2759 dolore
567 2696 646 2777 legi,
680 2718 765 2759 inme
796 2698 939 2775 illorum,
974 2692 1062 2762 nuuc
1092 2713 1178 2767 tuam

145 2848 162 2879 „
171 2800 274 2865 vicem
293 2798 522 2883 ingemiscens,
543 2797 678 2859 subinde
691 2809 852 2874 metuens,
872 2820 913 2861 nc
927 2800 1020 2864 bonis
1034 2812 1067 2864 et
1078 2806 1178 2886 eequis

146 2902 268 2979 ,viris,
290 2913 352 2963 tam
370 2900 485 2962 acerba
502 2899 663 2975 convicia,
684 2920 750 2960 non
765 2898 895 2961 omuino
911 2899 943 2961 in
958 2900 1178 2968 immerentem

145 3014 316 3079 „contorta
342 3001 546 3076 viderentur,
575 3008 664 3061 etc.“
710 3000 812 3080 igitur
843 3001 987 3083 quaedam
1014 3023 1103 3065 stunc
1130 3016 1179 3069 est

146 3104 275 3165 ell'erata
301 3101 522 3183 intemperies,
560 3121 629 3162 mea
665 3099 699 3161 iu
726 3102 951 3163 Hochstratum
989 3106 1179 3185 commotio,

145 3224 241 3287 «lirant
260 3202 384 3263 solebas
403 3221 519 3262 vocare
538 3222 658 3283 requiam
678 3212 708 3261 et
728 3200 871 3279 dignam,
890 3204 947 3279 sed
960 3204 1061 3285 magis
1074 3208 1180 3285 adhuc

141 3300 248 3383 piam?
273 3304 313 3361 tu
333 3302 394 3363 lroc
412 3302 547 3375 metuis,
577 3322 619 3363 ne
639 3302 670 3362 in
691 3303 915 3365 lloelistratum
940 3326 958 3365 a
976 3326 1029 3366 me
1048 3284 1179 3391 scripta,

143 3402 251 3485 aliquo
265 3402 347 3465 illius
361 3402 474 3463 merito
488 3402 603 3481 scripta
620 3400 809 3465 videantur?
829 3404 928 3483 Quasi
940 3410 1073 3470 nectale
1086 3410 1180 3492 quic·

143 3522 238 3585 estium
256 3501 282 3563 is
303 3502 471 3577 meruerit,
500 3511 532 3561 ct
552 3522 615 3581 ego
637 3504 725 3577 licta,
755 3524 850 3580 varia,
882 3525 920 3565 ac
942 3504 1020 3567 falsa
1045 3508 1180 3573 commi·

141 3604 255 3667 uisear.
295 3604 393 3683 Quod
404 3601 432 3663 si
449 3602 506 3677 sit,
526 3612 593 3663 turn
604 3604 684 3664 harre
696 3602 763 3684 ipse
777 3624 841 3685 ego
856 3605 1044 3668 sententiam
1058 3610 1178 3689 tulero,

141 3704 242 3785 mugit
273 3702 405 3785 dignum
434 3724 505 3765 esse
531 3702 705 3776 nemiuem,
733 3703 789 3785 qui
815 3704 987 3768 Germania
1016 3705 1177 3789 ejiciatur,

145 3825 240 3888 qiman
261 3808 456 3880 llutteuum,
483 3802 641 3866 bominem
666 3806 740 3865 licto
766 3806 933 3867 mendacio
958 3806 1065 3870 bonos
1087 3810 1178 3875 viros

141 3906 402 3981 calumniantem,
433 3904 516 3967 etin
537 3904 736 3968 immerentes
757 3906 885 3966 ctlerata
913 3906 976 3967 stili
1003 3908 1178 3975 viridentia

140 4004 402 4081 debucelmutem3
422 4004 450 4069 si
463 4024 529 4067 non
546 4006 602 4081 sit,
623 4016 690 4065 tum
712 4004 738 4065 is
756 4004 879 4067 arsimus
899 4006 975 4068 milri
993 4019 1061 4085 est,
1086 4022 1124 4073 ut
1142 4011 1175 4075 in

141 4104 299 4170 nemiuem
318 4104 422 4169 malim
446 4104 676 4169 acerbissimam
694 4104 865 4167 vindictam
884 4118 1058 4189 expetere,
1080 4132 1176 4194 quam

142 4206 200 4291 qni
219 4208 281 4271 tale
298 4216 361 4271 tam
380 4216 496 4269 tetrmn
515 4206 651 4281 crimea,
679 4216 806 4287 tamque
832 4206 981 4269 odiosum
1008 4207 1175 4277 innocenti

141 4306 218 4373 milti
247 4306 447 4391 imposuerit.
506 4308 580 4389 Ego
611 4326 631 4367 a
647 4306 735 4367 trullo
764 4305 864 4387 iringis
897 4307 1020 4389 llagitio
1048 4331 1175 4397 semper

138 4404 314 4495 Μ,
329 4426 426 4497 qm
440 4406 623 4483 mei„
638 4426 746 4493 neque
762 4407 979 4473 detestabilius
996 4411 1174 4501 quidquam
