2618 5108
190 56 671 245 ‚nr-*pr—-l
714 225 731 235 ν

523 727 700 830 Epistola„
915 752 918 758 =
1052 730 1124 840 2er

102 923 183 988 dere
199 925 276 1003 lios,
299 924 355 1016 (pri
374 925 576 1009 sepericulis
597 947 729 1011 quoque
748 921 891 1008 objicdre
910 939 970 1009 pro
990 925 1128 1009 Impera·

39 1054 45 1059 ·
104 1026 228 1090 toribus
253 1024 319 1092 suis
347 1041 378 1089 et
397 1049 522 1109 semper
546 1041 799 1105 consueverunt,
832 1041 864 1093 et
890 1051 975 1093 nunc
993 1029 1129 1095 maxime

103 1129 203 1208 parati
223 1141 314 1205 sunt,
344 1153 384 1193 an
403 1131 572 1212 gratificari
601 1132 665 1207 eis,
696 1132 751 1213 qui
776 1131 835 1193 nisi
864 1132 1002 1195 secunda
1023 1140 1129 1193 essent

103 1249 189 1291 nunc
201 1228 276 1305 tibi,
296 1231 388 1324 facile
402 1235 512 1295 abesse
532 1231 587 1307 abs
601 1243 632 1293 te
645 1233 772 1295 vellent.
811 1235 855 1295 Et
873 1231 1021 1311 injuriam
1039 1232 1127 1295 malis

104 1327 217 1391 inferri
236 1330 301 1405 his,
334 1331 366 1393 in
400 1355 537 1416 quorum
568 1354 631 1412 ope
663 1333 840 1413 praesidium
869 1334 925 1396 tibi
954 1354 1128 1417 regnorum

104 1441 134 1491 et
155 1431 227 1492 vitre
246 1442 311 1506 est,
331 1455 425 1516 quarn
445 1434 696 1497 inhonestissima
715 1437 876 1516 voluptate
895 1435 1044 1497 fraudare
1059 1456 1127 1512 eos,

103 1529 160 1614 qui
195 1533 227 1593 in
252 1535 436 1597 necessitate
468 1538 744 1620 quantulacunque
774 1537 946 1599 constituto
966 1536 1040 1612 tibi,
1068 1557 1129 1600 nee

103 1652 200 1714 opem
219 1633 306 1697 serre
326 1634 442 1710 sciant,
478 1658 537 1698 nec
557 1637 828 1714 dareconsilium
873 1638 959 1719 Quid
979 1637 1063 1700 enim
1084 1658 1129 1699 ex

101 1747 240 1804 Lutheri
266 1736 466 1800 damnatione
496 1738 597 1814 aliud,
629 1761 724 1822 quam
757 1739 944 1802 adversariis
981 1741 1128 1818 voluptas

103 1839 278 1922 queritur?
308 1840 360 1901 Tu
389 1861 469 1922 ergo
488 1841 528 1900 ad
547 1861 603 1902 eos
623 1839 763 1918 respice,
796 1861 877 1923 quos
897 1841 1014 1903 habere
1034 1852 1128 1920 potes

101 1943 185 2005 lidos
214 1939 430 2022 periculorum
460 1952 588 2003 tuorum
607 1941 753 2018 comites,
786 1952 817 2002 et
837 1942 953 2003 amicos
981 1962 1070 2020 para,
1091 1962 1128 2003 ac

101 2041 264 2105 beneficiis
308 2041 400 2104 etiam
444 2052 476 2102 et
504 2042 716 2103 munificentia
755 2042 896 2118 devinci,
948 2062 967 2101 a
1010 2041 1126 2125 quibus

101 2161 134 2207 et
163 2144 194 2206 in
228 2143 295 2205 otio
321 2143 422 2222 possit
449 2165 519 2205 esse
550 2144 719 2206 honestum
746 2144 904 2219 solatium,
939 2141 1022 2205 etin
1043 2143 1127 2205 bello

99 2245 185 2308 forte
204 2244 395 2324 praesidium.
443 2247 506 2306 Eos
525 2246 622 2318 mitte,
654 2243 795 2327 quinon
821 2245 976 2307 bellorum
995 2254 1127 2319 tanturn,

99 2366 214 2409 rerum
254 2345 348 2408 etiam
397 2346 498 2408 omnis
540 2347 694 2427 gravioris
731 2346 966 2409 consultationis
1014 2364 1129 2424 exper-

89 2466 166 2524 tes,
190 2459 222 2510 et
240 2446 454 2526 impatientes,
474 2467 581 2530 neque
599 2448 698 2509 sciant
717 2449 870 2529 prodesse
889 2447 946 2509 tibi
964 2447 998 2508 in
1018 2466 1130 2509 neces·

99 2551 210 2625 sitate,
231 2569 338 2631 neque
353 2548 475 2629 possint
490 2570 556 2610 non
574 2549 687 2611 obesse
703 2551 842 2611 secunda
858 2549 998 2610 fortuna.
1037 2550 1129 2626 Quos

99 2664 205 2714 tamen
231 2671 386 2732 prospere
414 2650 567 2712 stantibus
595 2670 681 2711 nunc
711 2651 807 2712 rebus
834 2666 918 2712 arcte
934 2647 1061 2723 thebes,
1092 2657 1129 2708 ut

100 2753 182 2816 lidos
203 2751 334 2826 amicos,
356 2751 548 2813 adhaerentes
565 2751 629 2812 tibi.
667 2753 710 2814 At
730 2750 838 2832 siquo
855 2751 913 2814 ista
929 2750 1072 2812 immutet
1091 2767 1129 2808 se

99 2874 207 2917 rerum
227 2852 343 2928 facies,
377 2863 413 2914 ut
434 2853 566 2914 adversa
585 2851 752 2916 videantur
771 2852 972 2923 incumbere,
1004 2848 1128 2912 videbis

99 2966 135 3017 ut
157 2952 334 3036 flagitiosos
355 2954 551 3029 desertores,
583 2953 678 3017 dilabi
707 2955 761 3017 abs
795 2965 825 3015 te
844 2952 1129 3017 meticulosissime.

98 3056 180 3118 Nam
201 3075 267 3115 uon
287 3053 346 3115 nisi
373 3053 530 3116 felicitatis
561 3056 707 3131 comites,
740 3066 772 3117 et
797 3057 924 3138 quidem
955 3077 1021 3118 non
1047 3057 1127 3119 mul·

99 3172 167 3219 tum
202 3154 259 3218 fidi
294 3176 364 3217 esse
392 3156 502 3216 soleat.
565 3156 699 3218 Possem
734 3157 886 3239 exemplis
920 3158 1004 3219 haud
1030 3159 1128 3238 longe

98 3256 243 3339 repetitis
281 3257 418 3332 doecre,
463 3255 496 3318 in
530 3274 645 3338 quanta
682 3278 765 3338 soepe
793 3260 873 3320 mala
900 3258 952 3319 isti
983 3259 1127 3319 homines

99 3357 227 3440 egerint
245 3356 411 3437 Principes
445 3366 516 3417 ente
543 3368 684 3432 nostros,
717 3357 751 3418 in
783 3380 921 3440 quorum
948 3357 1126 3432 amicitiam,

98 3481 166 3524 non
185 3458 289 3520 minus
309 3457 439 3532 blande,
470 3478 566 3539 quum
591 3457 624 3519 in
649 3471 733 3521 tuam
754 3480 838 3520 nunc
863 3459 895 3521 hi
922 3459 1125 3539 irrepserant,

97 3574 133 3624 et
152 3562 341 3633 ostendere,
374 3579 467 3639 quarn
495 3561 610 3621 debeat
641 3561 760 3640 optimo
781 3558 853 3635 jure
880 3570 1027 3639 suspecta
1056 3579 1126 3622 essa

99 3663 187 3726 uobis
207 3663 320 3725 horum
340 3662 552 3723 consuetudo.
590 3662 669 3723 Nam
687 3678 724 3723 ut
740 3662 822 3722 aliud
838 3683 903 3723 non
923 3674 1026 3737 extet,
1048 3661 1127 3744 quid

100 3763 367 3827 contemnendum
395 3764 456 3824 hoc
483 3762 663 3838 arbitraris,
697 3763 786 3845 quod
805 3763 954 3825 Pontifici
980 3765 1126 3825 Romano

100 3863 235 3928 obnoxii
255 3885 328 3926 curn
356 3864 434 3938 sint,
465 3866 556 3925 etiam
580 3861 790 3942 jurejurando
811 3863 966 3938 devincti,
996 3875 1127 3926 eatenus
1184 3916 1186 3928 .

97 3967 330 4049 Imperatorum
363 3964 545 4037 amicitiem,
577 3975 732 4046 quatenus
763 3985 805 4024 ex
835 3964 917 4026 illius
948 3975 1029 4026 nutu
1058 3985 1128 4027 esse

97 4068 243 4144 videtur,
269 4070 397 4139 colunt;
426 4087 533 4148 neque
552 4086 686 4147 usquam
705 4065 858 4146 progredi
877 4065 1009 4140 audent,
1040 4068 1127 4128 unde

97 4190 166 4233 non
198 4167 356 4232 revocatis
387 4167 426 4229 ab
456 4167 527 4242 illo,
561 4166 665 4240 sibit)
691 4167 819 4247 regredi
849 4186 980 4226 necesse
999 4165 1048 4228 sit.
1088 4168 1127 4229 In

98 4270 193 4352 cujus
212 4272 341 4355 gratiam
355 4290 439 4350 saepe
455 4268 547 4331 etiam
567 4268 695 4348 publice
703 4269 751 4346 **)
773 4266 883 4331 dicunt
895 4279 927 4328 et
941 4265 1061 4328 laciuut
1075 4267 1128 4332 hic

138 4481 169 4552 ⁴)
189 4491 257 4538 suta:
278 4489 462 4546 eingeschaltet.
532 4480 861 4544 '*)1²uance.·ebentrtls.
