2618 5108
154 793 233 870 3⁶⁶7
314 794 390 869 Ulr.
417 795 464 868 ab
489 741 739 870 Hutt'en‘lcum
760 795 914 871 Erasmo
940 799 1024 872 Rot.

153 988 290 1054 Cerere.
330 989 427 1071 Quod
447 986 474 1053 si
494 1009 545 1052 me
564 989 760 1073 interroges,
780 978 990 1073 de'Glapione
1005 990 1082 1074 quid
1097 1009 1171 1052 sen·

150 1089 242 1167 dam,
272 1090 530 1174 quandoquidem
549 1092 644 1153 semel
671 1089 798 1154 decrevi
824 1090 923 1154 libere
940 1113 1051 1153 verum
1071 1091 1172 1170 profi·

150 1191 228 1266 teri,
256 1189 470 1272 respondero:
501 1191 689 1274 nequiorem
713 1212 764 1254 me
789 1190 947 1253 hominem
972 1191 1169 1272 cognovisse

149 1312 329 1375 nunquam,
360 1303 393 1354 et
420 1292 477 1374 qui
505 1292 666 1372 copiosius
692 1302 773 1354 esset
805 1291 972 1370 operandis
997 1290 1167 1353 fraudibus

149 1391 331 1456 instructus.
377 1390 558 1454 Simulando
591 1402 675 1452 certe
703 1402 736 1452 ct
763 1391 988 1453 dissimulando
1019 1391 1168 1451 vincebat

151 1512 278 1568 omnes,
298 1494 473 1572 Hypocrita
491 1492 657 1575 egregius,
691 1503 722 1552 et
748 1490 838 1570 cuius
859 1492 930 1551 nibil
952 1502 1104 1551 nouerat
1128 1488 1168 1550 ad

147 1593 317 1657 fallendum
340 1593 509 1667 idoneum,
548 1603 653 1671 aptum
677 1603 709 1653 et
736 1591 958 1671 compositum,
986 1610 1037 1665 os,
1069 1590 1166 1667 oculi,

146 1693 256 1768 frons,
277 1702 388 1771 caput,
407 1712 535 1767 manus,
559 1711 681 1766 sermo,
701 1691 857 1765 incessus,
892 1690 1014 1765 omnia,
1035 1691 1166 1753 confor-

147 1793 250 1858 mabat
277 1815 312 1856 se
338 1794 501 1868 omnibus,
530 1813 566 1854 ac
592 1792 626 1854 in
654 1793 757 1853 omnia
784 1790 1032 1855 transformabat.
1080 1792 1167 1855 Scie-

146 1893 214 1970 bat,
234 1894 313 1977 quid
333 1894 476 1977 quolibet
494 1897 583 1970 loco,
605 1892 747 1976 quolibet
762 1902 920 1970 tempore,
942 1903 975 1953 et
995 1893 1166 1957 dicendum

146 2006 247 2072 esset,
273 2006 306 2057 et
334 1995 529 2057 laciendum:
556 1993 631 2055 nihil
658 2011 753 2066 vere,
787 1991 889 2053 omnia
911 1993 1049 2054 adhibito
1075 1995 1165 2071 suco,

146 2107 178 2158 et
195 2095 357 2157 insidiose.
406 2092 487 2173 Ejus
514 2096 579 2156 bec
598 2092 702 2154 audita
720 2091 794 2154 mihi
819 2104 853 2153 et
871 2092 897 2152 F
899 2093 1059 2168 rancisco,
1089 2094 1167 2157 assio

146 2195 293 2260 dentibus
312 2216 378 2258 non
391 2195 482 2257 nullis
502 2195 575 2256 item
591 2193 669 2268 aliis,
682 2212 748 2253 vox
766 2202 831 2268 est,
851 2213 921 2254 cum
939 2194 1166 2277 Eberburgum

145 2297 185 2360 ad
203 2317 264 2358 nos
295 2316 313 2357 a
333 2294 457 2357 Caesare
476 2294 587 2357 missus
607 2306 690 2356 esset
716 2297 792 2376 (qua
810 2316 872 2356 una
892 2294 1004 2356 fraude
1025 2296 1164 2378 reliquas

145 2393 216 2475 ejus
238 2393 366 2456 estimet
387 2393 472 2474 quis)
505 2414 540 2456 se
570 2394 660 2455 lateri
679 2396 756 2469 hoc,
788 2414 893 2476 neque
913 2395 1071 2470 dubitare,
1107 2417 1165 2457 ne·

144 2493 260 2557 minem
279 2512 407 2568 eorum,
429 2492 484 2575 qui
504 2492 736 2573 implacabiliter
752 2495 894 2577 Lutbero
911 2494 1026 2556 inimici
1046 2508 1164 2573 essent,

144 2605 352 2676 negaturum,
388 2593 427 2654 ab
449 2592 502 2654 illo
530 2593 662 2673 primum
684 2593 867 2675 patefactam
889 2593 1073 2656 Christianis
1096 2619 1165 2659 om·

143 2694 237 2758 nibus
257 2692 399 2771 januam,
433 2713 491 2774 per
521 2714 614 2774 quam
644 2693 683 2754 ad
703 2714 808 2754 veram
837 2693 1164 2759 reconditissimorum

142 2814 236 2858 secrae
249 2794 409 2873 scripturae
421 2813 569 2855 sensuum
580 2792 793 2873 cognitionem
806 2791 930 2874 ingredi
941 2795 1041 2856 liceat.
1064 2795 1166 2859 Cum·

143 2915 207 2978 que
226 2915 289 2977 ego
310 2895 500 2969 intulissent,
536 2894 624 2975 quod
644 2892 740 2973 igitur
758 2902 876 2953 tanturn
896 2892 976 2954 illius
998 2909 1165 2974 peccatum

141 3015 227 3068 esse,
261 2995 349 3075 quod
374 3015 446 3054 cum
473 2993 525 3054 tali
550 2993 632 3053 bene
661 2991 774 3053 merito
800 2993 945 3054 collatum
963 3014 1165 3076 praegravare

141 3092 280 3155 debeat?
301 3094 374 3172 Ego
394 3092 522 3172 quidem
543 3089 732 3168 (respondit)
752 3110 817 3151 non
836 3092 942 3153 video.
993 3097 1035 3155 Et
1055 3107 1177 3159 tamen>

139 3212 235 3254 nemo
271 3191 395 3251 interim
433 3190 593 3269 capitalius
629 3191 805 3251 Lutberum
843 3193 969 3268 oderat,
1000 3194 1034 3255 in
1064 3219 1165 3278 quem

139 3288 233 3352 etiarn
252 3289 404 3371 quicquid
432 3289 544 3349 acerbe
573 3300 648 3349 tunc
672 3300 704 3350 et
723 3290 869 3353 atrociter
895 3297 1073 3357 consultum
1101 3310 1164 3376 est,

139 3387 285 3469 inhujus
306 3401 377 3449 ante
397 3388 518 3448 officina
537 3387 728 3449 elaboratum
748 3389 819 3449 suit.
869 3392 982 3473 Neque
1002 3396 1081 3457 alius
1103 3401 1165 3461 ob·

139 3489 280 3554 stinatius
300 3488 467 3569 pugnavit,
492 3498 527 3548 ut
540 3486 714 3561 inauditus,
735 3487 934 3564 indefensus,
956 3512 1065 3575 neque
1078 3498 1165 3570 (licta

138 3610 232 3652 causa
258 3590 473 3660 damnaretur,
504 3596 535 3644 et
556 3586 700 3648 obtinuit.
740 3587 786 3645 lta
819 3600 941 3664 poterat
968 3594 1007 3652 ad
1034 3605 1163 3679 tempus

139 3692 297 3752 occultare
316 3710 364 3761 se,
386 3704 576 3766 rursumque
596 3685 651 3745 ubi
669 3696 881 3765 opportunum
899 3688 958 3768 ipsi
976 3693 1160 3776 videbatur,

140 3789 318 3861 ostendere,
340 3785 438 3867 qualis
452 3805 469 3844 a
482 3784 604 3845 nemine
617 3784 722 3862 potius
737 3805 830 3864 quam
842 3787 896 3847 abs
914 3798 955 3863 te,
976 3803 1008 3851 et
1029 3797 1162 3876 laudari,

140 3899 172 3950 et
191 3885 365 3966 vituperari
396 3883 515 3944 dcbnit.
555 3885 633 3943 Nam
664 3883 695 3943 in
722 3885 824 3945 multis
850 3905 883 3944 es
913 3888 1095 3956 Vertumno
1119 3899 1165 3962 illi

137 3984 318 4048 simillimus.
364 3985 557 4061 Sylvestrum
584 3982 756 4056 Prieratem
780 4004 884 4065 neque
911 3989 1051 4065 probasti
1074 4002 1164 4076 apud

139 4087 256 4149 amicos
276 4105 433 4166 unquam,
462 4102 568 4164 neque
587 4104 658 4143 cum
684 4103 767 4142 nuno
796 4082 842 4142 vis
871 4090 1027 4164 probandi
1049 4116 1162 4162 causas

137 4187 242 4250 habes.
290 4185 416 4245 Laudas
443 4194 560 4255 tamen,
593 4193 625 4242 et
654 4192 688 4241 ut
717 4181 835 4241 bonum
865 4183 967 4248 virum
995 4198 1161 4277 prodicos,

138 4288 192 4370 qui
220 4284 395 4347 humaniter
414 4304 488 4364 erga
509 4294 539 4342 te
559 4283 687 4343 allectus
707 4280 748 4342 sit
777 4281 809 4340 in
829 4282 980 4360 Lutheri,
1003 4305 1038 4350 ut
1060 4301 1162 4361 mani.

136 4387 217 4450 leste
236 4382 389 4466 cognosci
407 4384 515 4455 datur,
534 4380 712 4456 invidiam,
729 4400 795 4463 quo
813 4384 911 4462 magis
938 4388 1076 4455 videaris
1103 4401 1161 4461 ad.
