2618 5108
256 75 738 264 'we-ffi-ff-—l
782 241 798 252 θ

545 758 746 858 invectiva,
1101 772 1175 850 rot.

144 957 213 1024 ret,
238 945 445 1029 depinxisset.
495 930 541 1015 lui
561 945 697 1017 teneros*
709 957 860 1023 habemus
879 982 938 1024 vos
951 931 992 1026 et
1010 961 1175 1040 delicatos,

144 1061 244 1132 atque
265 1049 365 1112 omuis
396 1048 517 1130 injurie
542 1053 749 1134 impatientes.
799 1064 869 1124 Non
899 1064 1036 1127 describi
1067 1065 1172 1140 vultis,
1215 1097 1216 1100 ¹

144 1171 211 1212 uon
231 1150 335 1231 pingi,
357 1175 421 1214 non
441 1154 527 1236 frugi.
555 1156 588 1216 Si
605 1157 681 1239 quiri
698 1162 840 1224 omniurn
854 1167 922 1239 tiat,
944 1166 1075 1246 capitale
1095 1176 1174 1228 esto.

145 1253 245 1332 Quod
265 1264 300 1313 ut
321 1253 507 1328 obtineatis,
541 1266 644 1318 tamen
671 1261 714 1322 ita
733 1265 863 1326 modum
885 1266 1035 1331 dissolute
1055 1277 1086 1328 et
1106 1278 1173 1328 tur·

144 1352 228 1434 piter
256 1355 396 1417 videndo
428 1357 597 1434 exceditis,
630 1371 665 1421 ut
694 1364 799 1443 perire
830 1387 888 1426 vos
920 1377 1028 1428 restro
1048 1365 1174 1445 judicio

146 1473 278 1520 necesse
306 1456 357 1517 sit.
409 1457 503 1521 Prius
531 1459 683 1544 quicquid
709 1463 789 1527 soris
819 1467 894 1542 fuit,
936 1469 1057 1546 depasti
1085 1468 1171 1545 estis,

144 1577 232 1616 nunc
252 1558 405 1620 herentes
425 1557 456 1620 iu
478 1562 621 1624 medullis
649 1566 764 1627 uostris
785 1578 816 1627 ct
836 1567 956 1630 viscera
976 1569 1037 1647 jam
1058 1571 1172 1653 adgre-

143 1657 285 1732 tiicutcs,
316 1660 386 1742 quis
417 1663 468 1721 rei
496 1663 698 1727 mediocriter
729 1667 859 1728 fortium
882 1681 984 1749 potest
1006 1672 1170 1734 continere

142 1779 197 1832 se,
233 1760 310 1841 quin
342 1762 478 1839 impetu,
514 1764 546 1822 ri
578 1777 607 1824 ct
640 1767 789 1828 violentia
820 1770 968 1844 invadat,
1011 1771 1171 1855 vobisque

143 1861 261 1922 caettcur
282 1872 311 1920 ct
329 1862 461 1923 exitium
477 1865 647 1927 moliatur?
676 1868 746 1947 lpse
768 1870 832 1930 imo
858 1892 922 1931 nou
950 1871 1031 1932 seret
1048 1874 1169 1938 ‹lurtius

142 1961 359 2044 indignitatem
394 1962 455 2024 Dei
475 1965 637 2027 ecclesiam
659 1981 842 2030 onerantem
861 1973 997 2050 populus
1019 1973 1171 2035 Christia-

141 2085 223 2137 nus,
257 2064 369 2143 passim
396 2064 457 2145 jam
480 2068 740 2146 patrimoniorum
761 2069 908 2146 exitium,
929 2073 1170 2152 corruptionem

142 2185 270 2227 morum
297 2176 328 2226 ct
348 2166 419 2227 ritae
441 2179 560 2249 pestem
581 2168 757 2246 clamitans,
788 2192 846 2232 vos
867 2172 993 2234 ordiris
1014 2195 1049 2234 ac
1069 2175 1171 2236 devo·

140 2265 284 2327 tionibus
302 2266 467 2330 insectans.
507 2269 576 2330 Vos
596 2281 716 2346 tamen,
748 2273 837 2356 quasi
858 2277 888 2336 iu
909 2278 1049 2337 omnium
1068 2275 1169 2339 sensi·

142 2366 223 2435 bus,
244 2389 314 2451 quar
336 2366 426 2429 insita
446 2381 536 2445 sunt,
564 2372 626 2432 ulta
645 2372 816 2450 pertinacia
836 2375 917 2437 vinci
938 2387 1072 2458 queant,
1105 2398 1171 2439 am·
1209 2371 1211 2376 ¹

142 2466 265 2529 bitione
286 2470 420 2551 quadam
434 2472 503 2551 ptus
526 2493 621 2552 cpiam
640 2474 809 2552 pharisaica
829 2475 945 2550 inflati,
967 2498 1032 2539 non
1053 2477 1169 2542 desiui-

141 2571 182 2633 tis
203 2579 344 2635 Luthero
367 2571 448 2633 viam
469 2573 592 2635 veritati
616 2574 761 2651 facienti,
783 2589 814 2638 et
832 2577 874 2637 ob
894 2576 927 2638 id
943 2580 1040 2659 magis
1057 2577 1169 2657 adjuto

143 2672 246 2735 omnis
269 2676 393 2753 generis
413 2674 575 2737 homiuum
594 2675 774 2751 favoribus,
806 2689 959 2754 mortem,
988 2691 1025 2739 ‘et
1044 2678 1071 2741 si
1091 2679 1169 2761 quid

142 2770 324 2836 inveniatur
344 2787 445 2837 morte
466 2778 567 2837 adhuc
578 2779 724 2859 gravius,
745 2779 912 2841 saevissime
931 2791 960 2840 et
973 2779 1178 2842 atrocissime.

141 2874 309 2939 intentare.
357 2880 458 2956 Quem
479 2879 582 2941 virum
602 2879 712 2961 tingite
732 2900 869 2956 errasse,
902 2902 1092 2963 quamquam
1110 2879 1170 2944 mi·
1259 2890 1261 2895 '

141 2977 227 3041 nime
259 2999 335 3040 cura
363 2981 456 3043 vobis
485 2993 548 3055 est,
582 2981 614 3042 in
642 2981 773 3043 ecclesia
800 2992 884 3042 erret
904 2980 990 3064 (pris,
1025 3004 1063 3042 rm
1084 2983 1175 3062 beno

140 3079 256 3142 sentiat
277 3083 328 3141 vet
355 3080 456 3156 dicat,
484 3104 590 3164 neque
617 3083 678 3144 hoc
707 3081 871 3164 negotium
891 3081 1088 3164 accepissetis
1108 3106 1169 3146 uu·

140 3203 254 3265 quam,
289 3180 346 3243 nisi
378 3183 418 3243 de
447 3193 554 3244 vestro
580 3184 658 3246 luxu
685 3195 716 3245 ct
746 3183 887 3264 potentia
914 3185 965 3260 agi
994 3184 1165 3261 vidissetis,

138 3293 244 3345 tenreu
264 3293 299 3342 ut
312 3281 483 3357 erraverit,
502 3295 607 3344 utrum
621 3295 654 3344 ut
667 3283 825 3344 inimicum
838 3283 991 3344 hostiliter
1004 3285 1166 3361 infestare,

139 3405 180 3447 nu
201 3395 237 3445 ut
257 3384 385 3445 fratrcm
412 3384 463 3464 pic
490 3406 691 3447 commonere
712 3384 844 3447 decuit?
877 3384 972 3460 Agite
994 3406 1088 3459 vcro,
1112 3385 1167 3448 ubi

140 3488 250 3567 (quam
280 3485 334 3546 diu
354 3485 457 3546 conati
487 3488 546 3546 troc
567 3486 653 3559 estis)
682 3489 741 3548 ulta
772 3488 802 3547 in
824 3485 914 3546 vobis
949 3487 1093 3564 apparuit
1114 3491 1167 3551 vet

138 3585 245 3667 imago
265 3587 422 3649 caritatis?
444 3587 499 3648 ubi
513 3587 656 3649 cordium
670 3588 788 3666 puritas
805 3587 931 3648 emicuit
946 3599 975 3646 et
989 3588 1165 3649 aniurorum

139 3688 326 3754 sinceritas?
347 3691 461 3751 Nonne
477 3689 651 3770 precipites
672 3688 824 3764 irruistis,
841 3707 948 3770 neque
960 3708 1031 3749 curu
1042 3687 1167 3753 rationo

141 3788 251 3871 egistis
284 3790 477 3873 quicquam?
512 3793 627 3853 Nonne
666 3801 703 3851 ut
733 3790 932 3852 innocentem
966 3789 1167 3864 damnaretis,
1225 3795 1227 3799 ’

137 3893 236 3954 mutto
257 3892 288 3953 in
311 3913 382 3953 euru
404 3913 421 3953 a
440 3892 532 3954 vobis
547 3894 617 3954 ticta
629 3902 660 3953 et
673 3890 820 3953 ementita
835 3889 1028 3970 protutistis?
1050 3893 1166 3952 Nonne

138 3990 173 4056 io
202 3992 333 4074 gratiam
362 3992 498 4054 [tomani
529 3991 681 4073 Episcopi
711 4012 768 4071 per
799 3991 925 4054 insidias
957 3992 1061 4054 conati
1090 3993 1165 4056 estis

139 4095 345 4178 opprimere?
373 4097 488 4157 Nonne
511 4093 602 4156 etiam
629 4114 731 4169 nuuc,
765 4093 910 4154 omuibus
939 4093 1164 4158 honestissimis

138 4195 216 4259 viris
247 4196 487 4259 reclamantibus
515 4196 575 4256 hoc
606 4194 715 4273 agitis,
747 4205 782 4256 ut
812 4215 878 4257 non
905 4193 1064 4268 suffitum,
1097 4216 1164 4256 non

136 4297 339 4374 convictum,
371 4299 437 4360 siue
457 4299 588 4361 crimine
608 4307 639 4358 et
670 4295 802 4358 testibus
824 4298 1000 4358 (lamnaturu
1021 4317 1164 4377 prouuu-

136 4401 196 4467 tiet
216 4401 391 4484 Imperator
413 4400 576 4464 Carolus?
607 4401 658 4462 En
688 4400 855 4481 preclaros
886 4395 956 4460 vitae
984 4396 1163 4479 magistros,

1275 1696 1278 1711 t

1295 1731 1300 1760 i
