2618 5108
154 834 228 904 210
447 826 648 903 Proedones
694 826 883 929 Dialogus.

154 971 233 1105 qnitl
253 1030 316 1098 est,
345 975 578 1104 copiosissime,
607 1021 641 1085 in
664 1022 727 1084 boe
743 1019 968 1102 prudentiores
984 1021 1053 1086 aliis
1070 1018 1178 1086 marta

153 1123 225 1186 bus.
261 1124 341 1185 Num
361 1142 514 1206 que-non
533 1137 666 1203 possunt
693 1122 754 1185 illis
784 1123 901 1186 viritim
924 1123 1064 1188 collectis
1083 1125 1178 1208 stipi·-

153 1223 214 1286 bus
234 1241 432 1304 comparare,
458 1222 625 1303 asingulis
650 1242 717 1283 non
743 1243 906 1307 nunquam
929 1224 1030 1288 solitle
1056 1244 1173 1307 eorm

72 1334 76 1340 '
153 1335 305 1407 quuntu'r.
353 1325 431 1385 Tale
459 1323 624 1384 consilium
653 1333 718 1399 est,
749 1324 819 1385 talis
844 1344 905 1387 urs.
950 1324 1004 1387 Sic
1035 1335 1172 1407 oegnttnt

152 1424 311 1501 monachi,
332 1424 388 1507 qui
400 1423 543 1485 monachi
556 1434 659 1485 tumen
675 1443 740 1485 non
754 1435 843 1498 sunt;
859 1446 930 1487 nam
942 1425 1080 1487 solitarie
1098 1446 1168 1489 non

151 1529 280 1601 rimant,
304 1523 511 1607 indignissimi
530 1524 688 1600 omnium,
707 1536 839 1606 propter
856 1546 939 1608 quos
959 1527 1095 1590 arctiore
1115 1548 1172 1589 an·

151 1646 236 1688 nona
266 1625 465 1687 Germaniam
496 1644 566 1688 esse
598 1635 757 1704 oportent,
787 1636 824 1687 ut
853 1625 911 1708 qui
937 1647 1043 1710 neque
1072 1628 1166 1691 utiles

151 1745 236 1788 nunc
255 1742 347 1801 sunt,
369 1737 528 1809 nequent
546 1737 650 1789 essent
668 1724 771 1807 frugi,
792 1725 936 1789 instituti.
1106 1734 1110 1741 '

530 1840 783 1904 Franciscus.

224 1944 304 2008 Nam
323 1943 486 2028 quomodo
505 1941 638 2007 instituti
657 1943 789 2022 pn'mnm
807 1941 902 2005 sunt?

473 2062 476 2073 '
552 2062 768 2122 Huttenus.

222 2163 349 2240 Dicam,
380 2173 415 2225 ut
441 2163 497 2238 sit,
533 2162 621 2244 quod
647 2160 799 2222 Carolum
827 2158 954 2222 doceas.
992 2158 1056 2221 Setl
1076 2160 1165 2241 prius
1224 2190 1229 2199 ·

41 2339 47 2353 ὁ
149 2262 232 2325 scire
252 2275 284 2325 te
305 2272 451 2343 oportet,
480 2283 546 2324 non
574 2263 613 2323 de
633 2262 791 2322 monachis
814 2263 993 2323 locuturum
1011 2283 1079 2337 me,
1108 2263 1167 2345 qui

148 2361 365 2443 septingentos
389 2372 460 2424 ante
480 2381 579 2423 annos
601 2361 751 2438 iucrunt,
780 2360 873 2423 bonis
894 2360 970 2423 viris
981 2406 991 2436 ,
1011 2360 1068 2445 qui
1086 2382 1167 2425 eon-

148 2461 270 2542 temptis
310 2462 382 2523 vita
414 2461 508 2544 hujus
537 2461 710 2537 illecebris,
750 2460 972 2525 abnunciantes
992 2448 1163 2527 ‘'omnibut

145 2561 254 2623 mundi
274 2563 426 2646 negotiis,
446 2566 558 2625 calcata
576 2563 669 2626 etiam
688 2563 832 2644 corporis
850 2565 1034 2645 voluptate,
1056 2562 1088 2625 in
1109 2585 1163 2626 so·

59 2668 61 2672 ’
144 2661 309 2726 litudinem
340 2681 581 2740 concesserunt,
620 2663 676 2726 ubi
706 2663 804 2727 bbere
846 2664 1162 2745 contemplationibus
1200 2701 1202 2705 ·

144 2775 309 2840 vacarent,
338 2763 378 2851 de
405 2786 542 2850 quorum
565 2763 714 2826 institutis
742 2775 774 2825 et
803 2765 1045 2827 conversatione
1071 2765 1161 2829 multi

143 2865 315 2929 doctissimi
345 2867 479 2945 pariter,
513 2887 549 2927 ac
575 2863 758 2927 sanctissimi
784 2867 924 2927 homines
952 2867 1087 2947 scriptos
1111 2888 1162 2930 re·

142 2967 301 3050 liquerunt
329 2968 436 3029 libros.
487 2969 611 3028 Verum
639 2965 679 3028 de
703 2966 750 3028 his
781 2966 897 3042 dicum,
928 2967 983 3049 qni
1009 2969 1161 3031 mundum

119 3067 272 3151 ,implent
301 3088 403 3143 nunc,
433 3066 571 3130 diversas
604 3066 741 3147 professi
771 3070 841 3126 vita
871 3067 1009 3143 formas,
1044 3090 1162 3153 quasa

142 3168 291 3232 Romanis
312 3167 518 3231 Pontificibus
538 3165 704 3249 adprobari
724 3167 882 3247 oportuit,
907 3170 1050 3251 'quorum
1070 3173 1162 3235 etiam

142 3268 316 3353 paucissimi
354 3269 392 3331 ab
431 3269 468 3332 iis
500 3268 631 3331 instituti
671 3279 763 3344 sunt,
800 3268 840 3330 ad
885 3290 963 3352 quos
1002 3269 1159 3353 originem

140 3371 294 3435 referunt.
341 3372 421 3431 Nam
440 3367 627 3449 decipiendo
655 3371 749 3451 vulgo
779 3369 987 3449 professionis
1015 3383 1160 3436 autorem

139 3471 333 3535 mentiuntur
349 3470 435 3531 bona
453 3491 534 3551 pars.
573 3470 660 3531 Inter
684 3492 766 3552 quos
787 3470 929 3531 Mendici
951 3471 1081 3553 quidem
1100 3472 1155 3550 illi,

140 3572 173 3636 in
185 3572 415 3635 Germanorum
431 3570 658 3652 Imperatorum
674 3568 841 3647 invidiam,
864 3583 1007 3651 tompore
1020 3573 1157 3653 primum

139 3675 268 3736 secundi
286 3674 311 3735 F
313 3671 456 3747 riderici,
476 3671 591 3733 deindo
611 3673 756 3751 paulatim
775 3673 834 3735 sub
853 3672 1054 3752 Principibus
1074 3675 1157 3737 Get·-

139 3773 255 3850 manis,
289 3776 451 3836 Romanos
483 3772 655 3835 Pontifices
686 3773 940 3855 impugnnntibus
970 3784 1162 3853 empenanta'

139 3876 218 3939 Natu
229 3895 300 3937 cum
313 3896 378 3936 non
393 3874 543 3938 baberent
557 3872 605 3950 hi,
620 3896 684 3957 quo
696 3875 993 3953 tyrannidem-suam
1003 3876 1165 3937 adversus·

142 3976 367 4058 imperatorum
393 3987 573 4036 nostrorum
592 3973 762 4055 potentiam
782 3986 963 4051 tuerentur,
991 3976 1156 4040 eonsilium

140 4075 344 4153 invenerunt,
373 4088 408 4139 ut
428 4076 485 4137 bos
505 4081 680 4137 emitterent
699 4077 896 4155 hypocritas,
928 4078 983 4161 qui
1008 4077 1165 4141 favorem·-

138 4178 342 4242 conciliaront
370 4176 449 4254 sibi,
487 4179 648 4257 praedicata
677 4196 732 4238 sua
758 4177 872 4258 passim
892 4178 924 4240 vi
957 4198 994 4241 ao
1020 4178 1153 4256 virtuto,

94 4330 96 4335 .
139 4301 234 4367 quam
254 4278 426 4355 aChristo,
446 4288 481 4341 ut
494 4277 583 4340 Petri
597 4298 795 4342 successores
812 4278 1007 4359 acceperint,
1028 4290 1061 4342 et
1077 4298 1154 4360 per·

137 4402 229 4446 suasa
248 4378 355 4460 plebe,
384 4378 594 4441 sanctissimos
613 4399 683 4442 csse
702 4389 822 4455 tamon,
852 4378 909 4463 qui
927 4380 1034 4443 vivunt
1052 4380 1153 4445 scelo-

137 4494 203 4545 rate
224 4480 327 4544 etiam.
364 4482 406 4543 Et
423 4492 499 4544 tune
517 4478 652 4562 primunt
670 4492 847 4544 transverse
863 4491 971 4563 raptus
989 4479 1152 4546 acin-isto
