2618 5108
411 764 471 847 'ad
496 770 691 870 Spongiam
715 771 868 848 Erosmi.
1086 775 1159 855 607
1188 887 1190 892 .

227 954 331 1032 Otto.
369 967 436 1042 Ab,
454 986 521 1028 non
539 953 651 1028 desem
668 964 796 1028 verbis!
1125 1024 1133 1029 ,,

221 1073 421 1134 Erasmus.
459 1069 548 1131 Solet
560 1067 718 1143 hostibus,
737 1063 838 1131 missis
849 1066 1024 1144 leudibus,
1037 1070 1159 1134 denuo·

146 1172 224 1234 tiare
243 1171 371 1233 bellum.

223 1272 330 1335 Otto.
367 1269 420 1333 An
448 1279 483 1332 tu
522 1256 668 1332 omnibus
705 1265 826 1331 letioles
868 1277 901 1331 et
934 1266 1158 1329 caduceatores

144 1372 275 1447 misisti,
305 1387 387 1454 quos
407 1371 453 1448 :in
480 1369 568 1433 libris
597 1381 693 1455 atque
721 1365 862 1450 epistolis
890 1367 953 1431 tuis
989 1367 1091 1448 orrpis
1125 1377 1159 1435 et

144 1471 252 1536 rides?

218 1575 416 1635 Erasmus.
455 1569 535 1632 Sunt
560 1569 665 1646 enim,
693 1568 750 1652 qui
767 1569 829 1631 boc
852 1564 981 1630 nomine
999 1587 1160 1632 commeo·

145 1672 276 1748 dantur,
295 1691 367 1732 cum
385 1668 462 1731 nihil
479 1669 583 1739 minus
602 1671 679 1747 sint,
699 1690 794 1754 qoam
812 1669 1004 1745 Lutberaui,
1023 1667 1159 1744 factiosi,

143 1771 282 1848 indocti,
312 1770 446 1852 stupidi,
481 1773 565 1832 malm
598 1771 687 1847 vitae,
724 1770 967 1847 obtrectatores,
1005 1767 1081 1831 nihil
1106 1769 1161 1830 bs·

142 1872 254 1936 beritos
287 1870 438 1948 lutheri,
476 1870 538 1936 nisi
566 1872 656 1956 quod
688 1869 878 1935 maledicunt
904 1869 1056 1934 Pontifici
1092 1869 1160 1932 Ro·

142 1990 248 2036 mano.

221 2074 327 2136 Otto.
364 2072 439 2135 Hoe
468 2073 637 2136 admodum
666 2073 827 2148 dolemus3
851 2090 960 2155 neque
993 2080 1042 2135 est
1069 2068 1159 2153 quod

143 2177 205 2238 boo
240 2175 384 2236 Hutteno
420 2174 632 2257 improperem
665 2175 737 2259 quis
764 2173 851 2238 enim
878 2175 937 2237 hos
965 2172 1160 2235 abonorum

144 2275 238 2338 turba
263 2272 405 2337 arcebit?
434 2276 512 2355 Qum
537 2276 743 2357 congregatio
776 2286 824 2338 est
847 2285 910 2339 tum
938 2285 1059 2350 saneta,
1088 2292 1159 2356 que

143 2396 210 2439 oon
230 2378 289 2438 slot
307 2373 584 2438 hanc'zizsoiam?
609 2377 746 2452 Tamen,
778 2375 834 2459 qui
852 2395 888 2439 se
907 2374 1108 2438 Erasmisnm
1126 2381 1159 2437 et

144 2476 286 2558 Papisius
304 2474 437 2555 jactent,
465 2496 531 2538 non
551 2496 660 2539 omnes
680 2475 796 2558 integri
819 2486 903 2540 sunt.
940 2477 1157 2539 Romanenses

142 2576 305 2640 Curtisani
323 2577 534 2651 contendunt,
568 2577 652 2659 apud
678 2597 713 2639 se
740 2596 811 2641 esse
834 2596 970 2659 regnum
994 2577 1157 2651 coelorum,

142 2698 251 2741 seram
277 2677 437 2740 ecelesiam
462 2689 495 2739 et
520 2679 632 2754 fidem,
660 2690 692 2742 et
710 2689 814 2741 tamen
832 2696 898 2740 non
916 2686 964 2740 est
981 2675 1078 2740 bodie
1096 2677 1157 2741 sub

142 2782 223 2842 coelo
244 2779 329 2841 natio
348 2778 501 2860 perfidior
524 2790 556 2841 et
582 2781 680 2862 magis
700 2777 805 2859 impis.
843 2780 946 2859 Quem
964 2776 1156 2853 multisunt,

141 2878 201 2962 ’qui
220 2881 341 2961 scriptis
369 2879 430 2942 tuis
449 2878 683 2962 elegantissimis
704 2889 737 2942 et
751 2877 971 2943 eruditissimis
990 2877 1159 2942 admodum

143 2980 266 3055 lavent,
287 2983 442 3058 etltumeu
459 2980 583 3043 interim
603 2980 727 3063 egregii
744 2990 817 3043 sunt
835 2977 1036 3043 nobidones?
1061 2982 1158 3044 Eras-

143 3101 230 3145 mum
256 3102 361 3164 neque
389 3081 467 3157 vita,
496 3103 603 3164 neque
629 3079 828 3159 eruditione,
862 3100 968 3166 neque
994 3080 1158 3167 diligentis

143 3182 354 3262 exprimunt,
370 3191 402 3242 et
429 3191 532 3245 tamen
556 3202 623 3244 non
648 3192 696 3244 est
728 3180 804 3244 ideo
830 3180 972 3246 deterior
994 3182 1158 3249 Erasmus.

144 3285 341 3364 Quamquam
361 3282 389 3343 si
407 3281 484 3344 nihil
501 3283 702 3358 esset'atiud,
731 3303 824 3367 qoem
852 3285 942 3367 quod
964 3285 1159 3349 maledicunt

140 3384 289 3446 ‘Romano
318 3382 483 3460 Pontifici,
515 3403 577 3466 ego
607 3395 771 3469 utcunque
795 3385 977 3450 tolerandos
997 3384 1159 3450 existima·

140 3503 227 3560 rem,
254 3486 309 3568 qui
328 3485 510 3566 hujusmodi
528 3497 617 3561 sunt;
644 3494 768 3568 prestat
785 3485 869 3548 enim
886 3486 948 3548 boc
967 3485 1048 3548 vitio
1068 3487 1159 3550 labo·

141 3609 231 3662 rare,
269 3597 301 3650 et
332 3587 378 3650 sic
406 3607 494 3666 esse,
527 3608 621 3672 quam
646 3586 767 3671 laqueis
794 3587 896 3650 teneri
927 3583 1087 3667 captivum
1116 3583 1159 3649 ad

139 3688 240 3769 ipsius
269 3691 472 3752 voluntatem.
525 3690 634 3772 Atque
671 3686 791 3751 utinam
823 3690 886 3752 boo
914 3688 1035 3750 laceret
1068 3699 1157 3751 totus

140 3793 248 3868 orbis,
275 3804 312 3853 ut
331 3791 510 3854 videremus
530 3789 698 3874 aliquando
718 3788 890 3855 desolatam
908 3800 941 3851 et
958 3789 1157 3854 deturbatum

140 3891 220 3951 hanc
246 3903 382 3970 pestem,
416 3904 448 3955 et
474 3892 737 3957 abominationem
760 3912 802 3954 ex
828 3894 901 3956 loco
927 3901 1047 3956 saneto.
1090 3891 1156 3956 Sed

129 3987 239 4061 ,verbo
263 3990 357 4053 etism
386 3992 518 4056 Hutteni
537 4017 633 4075 super
655 3995 714 4056 tue
732 4011 769 4055 re
787 3995 961 4060 audiamus.
999 3992 1157 4065 „Modica

138 4089 262 4172 inquit,
289 4091 372 4166 fide,
398 4093 480 4154 nulla
499 4095 612 4159 lidueia
631 4115 701 4158 esse
720 4094 848 4174 debent,
869 4093 1053 4180 qmcunque
1069 4105 1157 4168 sunt,

140 4192 195 4276 qui
215 4194 276 4254 hoc
294 4191 523 4271 machinentur,
544 4198 570 4260 si
588 4197 643 4260 ulli
662 4206 752 4273 sunt,
773 4219 887 4282 nequ·
899 4194 1075 4260 Lutbersoi
1092 4195 1160 4277 spi·

138 4293 217 4358 ritus
254 4294 287 4355 in
319 4293 367 4357 his
400 4295 548 4361 tantillum
579 4309 635 4362 est.
684 4296 754 4363 Nisi
783 4310 820 4364 tu
853 4297 905 4364 hic
934 4293 1159 4358 contemnendi

139 4389 244 4461 studio
263 4397 579 4483 vicenosquosdom,
599 4412 631 4465 et
650 4402 690 4466 de
708 4402 784 4465 loro
799 4401 887 4468 nihili
902 4397 1047 4466 homiues
1062 4398 1158 4495 nobis=
