2618 5108
407 714 640 816 de‘Spongie
662 717 818 798 Emtmi.
939 676 945 690 ι
1051 717 1122 797 567

105 914 174 974 terrr-
186 917 326 985 tentius,
343 930 409 973 non
428 912 564 984 donent,
595 908 737 976 umbrans
755 909 954 991 evangelice
972 904 1123 973 doctrine

60 1045 66 1057 ·
104 1012 242 1084 tradunt,
282 1032 348 1073 non
367 1011 466 1090 ipsam
485 1008 666 1086 veritatem,
694 1030 762 1073 uon
791 1008 890 1090 ipsum
908 1011 942 1073 in
963 1008 1123 1075 Christum

105 1114 216 1184 frdern3
250 1111 283 1174 id
303 1113 392 1195 quod
417 1123 448 1173 et
469 1112 502 1174 in
521 1115 654 1175 Ernesto
675 1110 897 1191 deprehendo,
929 1111 983 1173 vet
1000 1131 1043 1175 ex
1061 1111 1124 1175 hoe

104 1212 203 1294 ipsius
223 1215 339 1275 libello.
389 1214 473 1275 Ecce
492 1208 556 1276 line
575 1222 648 1275 sunt
667 1211 872 1292 philosophie
892 1210 1035 1292 premisl
1061 1209 1124 1274 Ca·

104 1335 181 1375 vere
220 1334 281 1374 nos
310 1324 417 1375 monet
453 1314 626 1393 Apostolus
654 1333 673 1374 s
702 1311 922 1390 Philosophia,
956 1321 990 1375 et
1020 1321 1125 1376 tamen
1189 1340 1192 1345 ·

105 1413 154 1475 illa
182 1424 303 1475 comotn
330 1413 497 1493 intenteque
525 1413 676 1476 meretrix
705 1413 833 1477 seduxit
863 1415 960 1506 multa
978 1414 1124 1492 preclare

103 1513 240 1595 ingenio.
291 1515 345 1587 Et,
376 1534 405 1577 -ο
433 1512 592 1577 infelicem
623 1517 806 1579 Erasmutul
856 1514 913 1598 qui
952 1536 1016 1596 prus
1056 1511 1123 1578 istis

101 1617 243 1678 humanus
271 1613 430 1694 sapientie
463 1613 601 1679 tenebris
629 1616 773 1678 nondum
799 1625 903 1695 potest
932 1614 1124 1697 perspicere,

103 1718 283 1779 llomnnum
314 1716 500 1779 Pontificem
534 1735 604 1778 esse
633 1715 878 1789 Antichristum
908 1718 977 1792 vel,
1007 1716 1035 1780 si
1053 1737 1125 1780 sen·

103 1817 157 1891 tit,
186 1838 252 1879 non
281 1838 322 1879 ex
355 1815 460 1881 animo
490 1815 602 1889 sentin
645 1819 711 1893 vel,
745 1816 774 1880 si
801 1816 896 1879 sentit
921 1839 962 1881 ex
999 1818 1124 1893 animo,

103 1938 171 1980 non
201 1917 296 1981 sudet
322 1917 416 1980 etiarn
446 1917 541 1981 lateri
576 1919 697 1998 palem,
741 1928 774 1979 et
801 1915 974 1980 dissimulat
1011 1917 1123 1992 adhue,

104 2015 197 2099 quasi
227 2037 306 2079 uero
335 2017 592 2084 dissimulandum
620 2016 662 2080 sit
691 2016 726 2080 in
755 2039 792 2082 re
808 2028 883 2082 tant
911 2016 996 2081 serio
1013 2029 1152 2083 naeus-¹

103 2119 260 2200 sariaque.
298 2119 393 2181 Putat
411 2118 602 2182 miserrimus
625 2116 817 2193 humuncio,
845 2128 1015 2198 propterea
1035 2117 1125 2200 quod

104 2219 313 2283 Pherisaismo
353 2219 553 2282 immodicam
599 2229 750 2284 nsvsntes
790 2239 934 2300 operam,
984 2217 1126 2300 ingredi·

104 2331 201 2383 untur
230 2320 329 2382 ueluti
357 2319 436 2383 boni
464 2320 526 2382 viri
552 2321 706 2400 Papistae,
735 2340 803 2385 non
828 2341 899 2385 esse
929 2318 1123 2387 Antichristo
1156 2359 1160 2365 ·

104 2421 283 2498 obnoxios,
313 2420 369 2503 qui
398 2432 501 2484 tamen
529 2420 653 2485 miseris
687 2398 872 2485 rirortelibus
897 2421 1041 2485 nondum
1072 2420 1125 2483 vel

104 2522 244 2602 cogitent
263 2521 435 2585 subvenire
453 2522 487 2584 in
511 2523 657 2585 tollendis
676 2521 884 2603 gravissimis,
904 2520 1125 2589 intolerabilis-

105 2623 208 2698 simis,
237 2622 576 2705 perniciosissimisque
594 2623 751 2687 oneribus.
763 2623 970 2687 traditionum
984 2642 1123 2698 suaruss,

101 2723 198 2787 etism
215 2723 350 2804 pessime
370 2727 514 2786 solertes
533 2725 580 2800 ei,
607 2722 664 2807 qui
681 2724 748 2786 haee
775 2735 836 2786 tem
862 2724 998 2791 fideliter
1016 2733 1125 2787 monet

103 2824 263 2888 Luthero.
318 2826 537 2907 Nequs=vero
566 2826 671 2887 adhue
697 2824 738 2887 sb
768 2826 901 2886 Erasmo
925 2823 1124 2904 -pnetsnusr

103 2937 152 2989 est
179 2925 250 2988 nrhi
280 2924 383 3000 serio,
427 2936 545 3008 quantu
568 2925 764 3006 impietatum
782 2927 871 2988 lerus
892 2925 933 2988 sit
959 2925 993 2987 in
1020 2923 1123 2989 missis

104 3047 217 3090 eorum
237 3026 448 3107 quotidianis,
482 3046 576 3109 quam
600 3025 766 3089 innumera
789 3025 822 3088 in
849 3027 1040 3090 matrimonii
1065 3049 1124 3091 ea·

103 3127 240 3188 seranda
260 3127 467 3206 abrogatione
478 3126 612 3190 istorum
625 3126 874 3203 Sodomitarum,
894 3129 970 3191 liunt
987 3129 1122 3211 flagitias

101 3230 181 3290 hene
210 3226 383 3302 sordidam,
426 3238 573 3290 caeterum
593 3227 728 3310 Papistis
757 3240 895 3310 gratam,
927 3227 1123 3293 Camerinam

102 3349 168 3391 uon
200 3327 348 3409 dignetur
378 3349 508 3391 movere
545 3332 711 3403 Erasmus,
753 3329 810 3391 sed
835 3330 1024 3409 dissimulem
1055 3348 1124 3393 nott

99 3432 200 3494 audet
231 3429 362 3509 prodire
396 3429 540 3505 timidus,
569 3431 811 3511 Lutherumqtse
835 3428 870 3492 in
895 3431 1028 3510 negotio
1055 3440 1122 3493 'tam

89 3532 311 3596 'suluberrimo
337 3529 500 3607 adjutare,
531 3531 706 3593 manen
734 3531 827 3595 etiam
853 3529 977 3593 iuterim
1003 3550 1122 3595 stamen

102 3635 340 3708 Lutlrernnum,
370 3630 462 3715 quasi
488 3630 584 3712 impin
610 3631 725 3694 doceat
754 3631 925 3693 Lutherus.
976 3628 1073 3692 Certe
1092 3627 1121 3694 si

100 3732 196 3812 impin
221 3737 336 3797 docet:
366 3756 412 3794 vn
441 3732 554 3807 nobis,
590 3733 647 3814 spui
671 3752 745 3794 enm
772 3729 825 3793 illo
851 3728 1042 3810 colligimus!
1070 3729 1121 3799 sin

101 3830 169 3910 pia,
191 3833 269 3913 quid
291 3834 427 3915 trepidat
446 3832 621 3896 Erasmus?
652 3831 815 3905 Proinde,
842 3830 869 3890 si
887 3829 1006 3911 refugit
1025 3832 1121 3895 Eras-

102 3952 172 3995 mus
203 3935 340 3996 Lutheri
369 3935 562 3997 smiesimam
591 3933 786 4007 doctrinam,
816 3930 966 4012 indignus
997 3941 1045 3997 est
1064 3951 1119 4006 ea,

101 4032 191 4114 juxta
209 4033 342 4095 verbum
362 4033 490 4098 Christi.
527 4037 636 4116 Atque
655 4057 677 4097 o
691 4035 812 4097 ninam
830 4031 1011 4095 consideret
1025 4034 1120 4099 Eras-

101 4159 171 4200 mus
188 4136 380 4198 horrendem
394 4134 511 4198 Christi
529 4134 731 4210 sententiam,
751 4153 845 4215 quam
858 4130 981 4212 profert
1000 4133 1040 4193 de
1058 4131 1119 4207 his,

101 4239 158 4317 qui
185 4260 251 4300 nou
276 4237 443 4318 accingunt
468 4245 569 4311 senet
594 4248 704 4299 eontra
729 4234 820 4298 verbi
838 4233 888 4295 sni
908 4232 1118 4295 desolatores!

107 4343 244 4423 „Quem
272 4337 393 4424 inquit,
426 4338 577 4423 puduerit
601 4336 665 4403 mei
690 4356 798 4409 eorm
822 4336 882 4399 hac
912 4333 1118 4417 genuniom
