2618 5108
166 858 213 929 36
394 852 437 928 in
460 848 665 961 Lutiierur'n
688 851 793 926 Bulla
815 852 964 931 Leonis.

165 1057 279 1122 noant,
309 1044 471 1108 inventuri
490 1045 575 1126 apud
595 1064 654 1108 nos
682 1044 708 1106 si
729 1046 937 1110 effectualiter
953 1046 1133 1130 paruerint,
1161 1058 1195 1112 et

165 1147 310 1231 paruisse
323 1149 354 1222 a)
381 1168 438 1227 per
466 1146 604 1228 legitima
633 1146 822 1210 documenta
850 1169 910 1210 nos
940 1147 1195 1227 certificaverint,

165 1245 303 1331 paternae
324 1246 479 1312 eharitatis
493 1249 521 1324 t)
541 1248 704 1321 affectum,
730 1258 764 1310 et
783 1260 927 1328 apertum
945 1231 1196 1314 mansuetudinis

166 1364 200 1413 et
228 1349 400 1411 clementiae
428 1348 601 1423 ionteme)
652 1347 833 1411 inhibentes
861 1348 1064 1414 nihilominus
1091 1350 1197 1415 eidem

74 1451 76 1455 ’
165 1449 307 1515 Martino
328 1471 369 1512 ex
389 1469 493 1524 nunc,
526 1462 563 1511 ut
580 1447 707 1511 interim
727 1450 767 1512 ab
787 1450 875 1512 omni
894 1450 1117 1532 predicatione
1136 1474 1196 1515 seu

166 1551 398 1634 praedicationis
427 1548 532 1662 officio
560 1548 692 1612 omnino
722 1550 851 1612 desistat
869 1555 931 1624 d)r.
951 1551 1094 1635 alioquin
1105 1553 1132 1630 e)
1159 1552 1195 1616 in

166 1654 268 1733 ipsum
284 1653 458 1714 Martinam
477 1670 504 1712 st
523 1651 609 1713 sorte
629 1647 754 1730 justitiae
774 1663 807 1713 et
825 1651 954 1716 virtutis
975 1674 1063 1715 amor
1083 1675 1101 1715 a
1120 1673 1196 1734 pec·

164 1765 236 1816 cato
255 1774 322 1816 non
340 1753 497 1826 retrahat,
525 1752 795 1837 indulgentiaeque
823 1774 896 1834 spes
920 1755 960 1816 ad
981 1753 1197 1836 poenitentiam

164 1874 232 1918 non
265 1854 416 1928 reducat,
450 1875 613 1933 poenarum
651 1865 757 1917 terror
784 1865 930 1917 coereeat
964 1849 1194 1935 discipinam:

148 1956 303 2039 ,eundem
334 1955 510 2017 Martinam
521 1954 551 2030 a)
590 1953 727 2039 ejusque
759 1954 978 2030 adherentes,
1010 1957 1193 2037 complices,

164 2056 307 2120 fautores
328 2066 360 2117 et
378 2066 595 2136 receptatores
609 2056 638 2128 h)
656 2061 769 2117 tenore
787 2056 990 2138 presentium
1000 2056 1194 2139 requirimus

163 2169 196 2223 et
215 2177 381 2221 monemus
401 2156 436 2219 in
462 2155 581 2219 virtute
606 2169 719 2219 sanctae
746 2156 952 2234 obedientias,
983 2169 1015 2221 et
1033 2157 1097 2220 sub
1114 2181 1195 2240 prae·

166 2306 403 2349 κα

198 2393 228 2464 a)
245 2394 345 2450 Facile
366 2393 518 2449 credimus
538 2403 708 2466 empturum
727 2396 825 2465 magni
846 2404 898 2465 te,
917 2404 950 2451 ut
967 2413 1074 2451 verum
1095 2407 1194 2454 tacea.

231 2495 320 2547 mus,
354 2479 470 2551 tibique
495 2480 702 2551 permittentes
729 2499 874 2552 rognum,
910 2482 965 2555 ipsi
997 2498 1104 2538 omncs
1133 2494 1194 2538 tam

232 2564 336 2635 iniquo
356 2565 481 2619 domino
501 2565 669 2620 serviamus
687 2567 751 2622 tibi.

183 2652 225 2727 4ι)
243 2658 407 2730 Apagesis,
434 2658 610 2714 charitatem
641 2670 724 2715 tuam
754 2669 839 2732 pater
855 2660 941 2729 Leo,
971 2676 1062 2732 quam
1078 2658 1193 2715 seimus

232 2744 328 2816 qualis
345 2744 392 2803 sit.

196 2837 227 2909 e)
246 2839 420 2893 Clementiae
451 2849 480 2893 et
504 2837 739 2893 mansuetudinis
767 2839 883 2892 fontem
908 2838 999 2892 audes
1017 2836 1119 2891 dicere
1137 2837 1191 2892 te?

231 2923 260 2980 0
280 2924 483 2995 iniquitatem!
510 2928 550 2978 At
568 2938 651 2978 certe
671 2923 717 2977 isti
739 2931 808 2976 sunt
827 2924 927 2977 sontes
947 2939 1022 2994 aqua
1041 2929 1190 2989 carentes,

200 3018 202 3022 ’
230 3009 349 3066 nebule
375 3026 442 3080 quar
469 3008 639 3079 aprocella
667 3008 823 3076 feruntur,
853 3009 963 3080 quibus
991 3008 1086 3076 caiigo
1105 3015 1191 3061 tene.

231 3097 356 3150 brarum
374 3094 403 3149 in
417 3103 563 3149 aeternum
575 3103 693 3149 servata
712 3105 767 3148 est.
804 3094 908 3165 Itaque
926 3092 999 3147 nihil
1012 3093 1091 3162 agis,
1111 3091 1191 3159 Leo,

229 3180 279 3234 vel
298 3180 343 3235 sio
361 3178 479 3248 fingete.
515 3179 590 3236 Non
610 3178 690 3234 enim
709 3178 953 3250 derelinquemus
972 3179 1089 3233 sontem
1108 3195 1192 3249 aque

163 3305 167 3311 -
229 3267 305 3320 vivae
325 3266 500 3332 dominum,
528 3276 557 3319 et
575 3265 716 3319 sudemus
741 3263 832 3318 nobis
850 3263 1018 3332 cisternas,
1044 3260 1192 3335 quentin

231 3351 375 3406 valebunt
397 3366 505 3422 aquam
525 3350 694 3405 continere.

191 3441 228 3514 tt)
248 3442 413 3499 Veritatem
431 3443 596 3516 predicare
614 3452 696 3498 vetat
713 3441 903 3510 Lethaeum,
922 3457 1022 3511 neque
1042 3440 1121 3494 enim
1140 3457 1193 3510 pa.

229 3529 337 3584 tientes
360 3530 425 3599 ejus
455 3539 525 3584 sunt
544 3528 628 3582 urbis
656 3544 755 3582 aures.
805 3527 862 3582 Sed
890 3527 940 3581 itta
970 3542 1033 3580 uon
1063 3525 1191 3597 parebit,

230 3626 391 3687 postquam
411 3615 506 3669 semei
526 3615 606 3668 viam
626 3614 757 3669 veritatis
777 3612 874 3680 elegit.

164 3742 166 3746 ι
197 3709 227 3774 a)
246 3709 358 3764 Omnia
375 3718 543 3779 pertentat,
561 3717 609 3776 et,
629 3709 710 3780 quod
729 3709 829 3776 ajunt,
849 3720 974 3759 ornnem
995 3711 1100 3759 movet
1118 3703 1192 3774 lapi.

228 3792 317 3865 dem,
346 3805 378 3847 ut
397 3811 436 3846 ne
455 3810 550 3862 regno
569 3795 699 3849 excidat.
744 3792 824 3846 Tam
851 3790 933 3845 inviti
962 3791 1123 3859 exiguntur
1146 3800 1191 3859 ty.

167 3902 173 3913 ·
227 3895 324 3933 ranna.

199 3963 225 4041 r)
243 3973 353 4028 Adhuc
367 3989 493 4027 movere
512 3972 586 4027 istos
602 3988 661 4028 nos
678 3981 814 4027 terrores
834 3969 1005 4038 existimat,
1024 3985 1087 4024 non
1105 3967 1191 4023 novit

130 4078 133 4085 *
229 4058 412 4125 Germania,
434 4068 578 4130 quantum
599 4059 752 4113 immutata
772 4058 829 4126 sit,
848 4057 979 4123 discere.

193 4149 225 4219 ς)
244 4150 381 4221 Vereor,
401 4168 462 4223 quo
483 4149 597 4207 evadat.

176 4243 227 4315 ’1ι)
245 4244 296 4300 Dii
316 4245 522 4314 immortales,
542 4253 686 4317 quantum
703 4244 860 4300 bonorum
877 4241 1038 4298 hominum
1056 4239 1191 4295 Romam

227 4333 336 4386 vocat!
355 4329 429 4385 Non
451 4331 549 4402 capiet
567 4331 652 4387 urbs.
691 4333 748 4387 Sed
767 4340 800 4385 tu
817 4329 884 4384 vide
904 4330 990 4397 Leo,
1009 4344 1047 4381 nc
1066 4335 1096 4380 te
1116 4341 1188 4378 one.

227 4432 276 4472 res
299 4413 472 4485 hospitibus
500 4416 590 4472 nimia
610 4415 722 4473 m'uitia.
769 4416 827 4471 Me
846 4413 990 4487 quidem,
1016 4411 1043 4465 si
1069 4410 1189 4466 audient

228 4502 296 4571 aiii,
315 4500 472 4556 veniemus
490 4501 556 4558 tibi.
961 4524 963 4529 >
