2618 5108
421 790 470 867 nd
493 786 689 890 Spongiam
712 787 868 867 Eraami·
1083 776 1169 868 ddi

136 996 183 1049 eet
201 1008 220 1048 a
238 986 347 1062 Patre)
378 1004 478 1070 quare
507 983 617 1047 velles-
635 981 744 1049 conari
774 1002 843 1048 rena
872 993 945 1050 toan
961 981 1159 1051 nicotrum

136 1085 288 1151 inanem?
317 1088 391 1153 Non
419 1084 612 1149 debebamus
639 1081 831 1164 expostulari
858 1092 979 1162 tecum,
1017 1103 1092 1148 cum
1121 1091 1161 1149 tu

136 1186 273 1252 decumis
292 1188 372 1250 bano
391 1185 547 1268 virgulam
570 1181 644 1258 tibi,
673 1193 793 1246 utnon
811 1184 914 1247 tolum
933 1185 968 1248 in
986 1183 1160 1250 inmerito·

137 1308 284 1362 censeas,
305 1286 362 1347 sed
382 1287 414 1347 in
434 1285 591 1368 optimum
611 1302 781 1366 quemque.
821 1282 874 1345 Sat
892 1283 947 1347 diu
960 1284 1160 1364 suspeximus
1216 1345 1222 1358 ,

137 1399 185 1462 te,
217 1399 253 1451 et>
278 1387 480 1449 merebantur
510 1387 574 1448 hoc
594 1383 688 1446 literae
709 1394 786 1459 tue,
818 1404 953 1468 quarum
980 1385 1100 1467 primun
1125 1383 1160 1448 in

139 1486 311 1551 Germania
333 1498 426 1550 autor
446 1506 499 1561 ee,
527 1496 560 1546 et
579 1482 699 1562 majora
718 1483 937 1562 merebantur,
968 1506 1062 1570 qnam
1080 1485 1161 1551 mtd·

136 1600 242 1651 torum
266 1586 383 1663 etiam,
419 1584 476 1668 qui
507 1586 613 1666 primae
638 1593 719 1644 notua
745 1584 973 1650 existimantur.
1019 1585 1082 1650 Sed
1101 1582 1160 1667 qni

138 1688 245 1752 salutis
265 1698 358 1750 antor
378 1708 465 1763 eras,
494 1684 578 1749 idem
597 1704 682 1746 nune
701 1683 779 1747 velis
799 1685 970 1767 propinare
989 1705 1160 1760 venenum,

138 1801 170 1852 et
190 1788 300 1852 mortis
320 1799 414 1850 autor
434 1807 521 1861 esse;
541 1787 603 1849 hoc
615 1783 773 1849 existimas
791 1784 884 1850 nobie
904 1786 1161 1853 eonferendum

139 1892 178 1954 de
199 1889 250 1952 tei
282 1890 356 1951 Non
382 1884 524 1950 ierimus.
569 1884 842 1967 Quemadmodum
870 1886 954 1950 enim
973 1886 1029 1970 qui
1047 1885 1160 1968 propi·

138 1988 243 2052 naturi
271 1997 344 2049 sunt
370 2007 545 2061 venenum
578 1983 721 2048 dulcibus
747 1994 781 2047 at
805 1982 953 2066 jucundis
973 1984 1160 2067 potionibru

139 2087 342 2171 permiscent,
365 2087 408 2149 ita
428 2096 462 2148 tu
482 2084 619 2166 primum
637 2082 767 2167 quidem
785 2083 977 2166 praetigium
995 2085 1160 2169 quoddam

140 2190 278 2254 faciebas
297 2184 390 2255 nobie
411 2183 594 2268 eloquentia
613 2194 684 2260 tua,
713 2173 886 2262 barbarea
904 2184 1043 2253 ,imooee
1060 2197 1093 2248 et
1110 2185 1162 2249 ina

141 2289 279 2356 domitae
307 2285 526 2362 demulcebat,
555 2284 638 2348 viam
669 2285 875 2362 ostendebas,
904 2306 969 2370 qua
995 2304 1163 2366 pouemtu

141 2412 207 2456 non
226 2402 288 2452 tam
307 2386 395 2450 docti
413 2386 569 2461 evadere,
598 2405 692 2468 quam
710 2385 765 2467 pii.
811 2387 875 2451 Sed
894 2406 965 2451 cum
982 2387 1162 2453 bano‘raui·

141 2504 192 2557 tos
212 2490 339 2553 uideres
360 2498 481 2561 terere,
505 2494 537 2548 et
556 2486 710 2568 quosdam
728 2506 815 2564 enee,
836 2486 892 2571 qui
908 2486 942 2551 in
954 2490 1016 2551 hoo
1027 2487 1162 2570 negotio

142 2596 272 2677 palmam
292 2587 513 2671 praeripiebant
533 2585 610 2663 tibi,
628 2586 697 2653 aive
715 2587 910 2672 arrogantia,
931 2586 999 2653 aive
1018 2590 1161 2655 muneri«

141 2698 220 2770 bue,
249 2692 320 2755 sive
339 2687 457 2753 invidia
474 2685 634 2766 deviem,
659 2701 827 2772 corruptor
858 2702 891 2755 et
910 2702 1085 2756 occoeeatcu
1102 2690 1163 2770 oie,

144 2797 234 2882 quod
251 2793 362 2859 volunt
393 2787 541 2875 qnidam,
562 2810 623 2874 pro
644 2791 745 2855 veteri
763 2793 871 2870 melle,
901 2794 954 2861 vei
971 2812 1045 2858 oum
1067 2791 1163 2860 maile

142 2915 304 2964 vencnum,
328 2891 474 2968 instillas,
512 2899 548 2954 nt
579 2890 723 2974 scorpion
752 2893 788 2958 in
815 2893 988 2960 novissimo
1017 2896 1162 2963 aculeum
1283 2960 1285 2964 .

142 2997 264 3081 infigis3
284 2992 375 3078 quod
400 2989 462 3055 uiri
479 2989 609 3059 ianime
618 3035 628 3068 ‚
654 3012 749 3057 nemo
768 3014 836 3058 non
852 2993 887 3059 in
904 2995 984 3059 hano
1001 2994 1086 3061 darn
1102 2994 1162 3063 tibi

143 3104 339 3175 assurgerem
370 3111 464 3156 nerno
497 3112 564 3156 non
593 3095 885 3175 congratularetur,
911 3096 1057 3174 efferret,
1077 3098 1162 3163 cale·

142 3200 265 3272 bearet,
298 3196 541 3275 respiceretque,
564 3203 609 3256 te.
639 3198 645 3210 '
672 3193 758 3257 Dum
785 3215 865 3261 vero
894 3195 1027 3278 ipsemet
1052 3207 1161 3263 notam

143 3291 331 3380 eloquentie
350 3292 432 3354 indie
451 3302 531 3368 tuae,
564 3292 641 3357 dum
667 3303 754 3361 tuam
771 3293 873 3379 ipsine
891 3297 1025 3377 gloriam
1044 3296 1162 3363 'obrem

142 3421 210 3473 ras,
232 3392 305 3476 quio
324 3391 528 3456 observabit?
549 3392 628 3474 Quia
647 3395 756 3458 coleti
784 3396 973 3459 Peccantem
991 3407 1023 3464 te
1040 3399 1074 3460 in
1092 3395 1161 3461 ani·

142 3509 342 3572 mantuam,
376 3493 448 3578 quie
472 3491 681 3570 justificabit?
709 3504 741 3557 et
759 3497 1008 3563 exhonorantem
1025 3495 1164 3563 animam

142 3613 243 3676 tuam,
265 3596 336 3681 quia
356 3592 598 3659 honorificabit?

216 3703 290 3782 Ego
310 3697 440 3782 quidem
459 3693 733 3760 vehementissime
753 3697 870 3774 doleo,
900 3699 963 3763 buo
992 3698 1160 3766 devenisse
1255 3726 1262 3733 ·

142 3823 193 3868 ree
209 3813 301 3876 tuas,
320 3811 356 3862 ut
374 3795 449 3862 mibi
467 3795 594 3860 minimo
609 3806 641 3857 et
653 3796 869 3863 indoctissimo
888 3798 1161 3879 congrediendum

144 3912 332 3975 esttecum,
353 3909 384 3961 et
403 3899 513 3962 venem
532 3917 599 3958 non
617 3898 719 3962 datam
736 3899 935 3965 occasionem
948 3898 1042 3976 mibi,
1064 3921 1160 3986 quant

143 4003 228 4066 nulla
253 3997 347 4063 animi
376 3998 520 4080 aequitate
550 3996 641 4080 potui
669 4017 833 4074 recusare,
865 4002 977 4066 vellem
1003 4022 1069 4066 non
1096 4005 1160 4071 huo

144 4098 283 4168 amentiae
312 4099 492 4178 prolapsum
518 4119 588 4161 eene
615 4109 672 4174 ιο,
695 4107 746 4174 ut,
780 4098 836 4180 qui
860 4099 997 4165 debebat
1016 4104 1100 4168 nubo
1119 4127 1156 4173 oa

144 4223 213 4270 esse
247 4196 366 4262 Christi
394 4206 426 4258 et
455 4216 511 4259 var
540 4196 734 4274 electione,-
747 4198 843 4280 ‚qnod
870 4199 1009 4264 deferret
1040 4224 1156 4272 nomen
1196 4260 1199 4267 Α

143 4304 207 4370 Dei
225 4321 331 4364 eoram
350 4295 423 4361 fitiis
440 4297 538 4363 lsraet
548 4340 559 4374 ‚
591 4318 699 4361 eoram
717 4296 861 4377 Reginus
891 4294 927 4365 et¹
941 4301 1154 4384 Principibne,

144 4419 176 4473 et
204 4402 291 4469 omni
328 4399 448 4483 populo
488 4409 595 4476 terre,
630 4417 716 4461 nnnc
742 4409 896 4480 perronna
931 4399 1034 4470 inum
1066 4424 1153 4471 oneo
