<?xml version="1.0" encoding="UTF-8"?>
<!DOCTYPE html PUBLIC "-//W3C//DTD XHTML 1.0 Transitional//EN"
    "http://www.w3.org/TR/xhtml1/DTD/xhtml1-transitional.dtd">
<html xmlns="http://www.w3.org/1999/xhtml" xml:lang="en" lang="en">
 <head>
  <title>
</title>
<meta http-equiv="Content-Type" content="text/html;charset=utf-8" />
  <meta name='ocr-system' content='tesseract 3.04.00' />
  <meta name='ocr-capabilities' content='ocr_page ocr_carea ocr_par ocr_line ocrx_word'/>
</head>
<body>
  <div class='ocr_page' id='page_1' title='image "./ulrichiabhutten00mngoog_0156.png"; bbox 0 0 2618 5108; ppageno 0'>
   <div class='ocr_carea' id='block_1_1' title="bbox 187 860 900 937">
    <p class='ocr_par' dir='ltr' id='par_1_1' title="bbox 187 860 900 937">
     <span class='ocr_line' id='line_1_1' title="bbox 187 860 900 937; baseline -0.006 -1"><span class='ocrx_word' id='word_1_1' title='bbox 187 861 254 936; x_wconf 80' lang='lat' dir='ltr'>llo</span> <span class='ocrx_word' id='word_1_2' title='bbox 499 860 668 937; x_wconf 88' lang='lat' dir='ltr'>Monitor</span> <span class='ocrx_word' id='word_1_3' title='bbox 706 860 900 935; x_wconf 84' lang='lat' dir='ltr'>secundus.</span> 
     </span>
    </p>
   </div>
   <div class='ocr_carea' id='block_1_2' title="bbox 181 1047 1231 1239">
    <p class='ocr_par' dir='ltr' id='par_1_2' title="bbox 181 1047 1231 1239">
     <span class='ocr_line' id='line_1_2' title="bbox 181 1047 1222 1138; baseline -0.007 -22"><span class='ocrx_word' id='word_1_4' title='bbox 181 1053 274 1116; x_wconf 79' lang='lat' dir='ltr'>vides</span> <span class='ocrx_word' id='word_1_5' title='bbox 293 1053 383 1118; x_wconf 88' lang='lat' dir='ltr'>istam</span> <span class='ocrx_word' id='word_1_6' title='bbox 402 1053 640 1138; x_wconf 88' lang='lat' dir='ltr'>Episcoporurn</span> <span class='ocrx_word' id='word_1_7' title='bbox 659 1071 822 1137; x_wconf 86' lang='lat' dir='ltr'>pompam,</span> <span class='ocrx_word' id='word_1_8' title='bbox 853 1048 931 1115; x_wconf 90' lang='lat' dir='ltr'>istos</span> <span class='ocrx_word' id='word_1_9' title='bbox 949 1047 1136 1133; x_wconf 80' lang='lat' dir='ltr'>magnificos</span> <span class='ocrx_word' id='word_1_10' title='bbox 1156 1067 1222 1130; x_wconf 85' lang='lat' dir='ltr'>ap·-</span> 
     </span>
     <span class='ocr_line' id='line_1_3' title="bbox 183 1146 1231 1239; baseline -0.002 -20"><span class='ocrx_word' id='word_1_11' title='bbox 183 1164 330 1235; x_wconf 80' lang='lat' dir='ltr'>paratus,</span> <span class='ocrx_word' id='word_1_12' title='bbox 350 1154 475 1239; x_wconf 86' lang='lat' dir='ltr'>regium</span> <span class='ocrx_word' id='word_1_13' title='bbox 493 1156 707 1238; x_wconf 86' lang='lat' dir='ltr'>splendorem.</span> <span class='ocrx_word' id='word_1_14' title='bbox 1226 1146 1231 1153; x_wconf 70' lang='grc'><em>’</em></span> 
     </span>
    </p>
   </div>
   <div class='ocr_carea' id='block_1_3' title="bbox 579 1331 835 1398">
    <p class='ocr_par' dir='ltr' id='par_1_3' title="bbox 579 1331 835 1398">
     <span class='ocr_line' id='line_1_4' title="bbox 579 1331 835 1398; baseline 0.008 -2"><span class='ocrx_word' id='word_1_15' title='bbox 579 1331 607 1396; x_wconf 91' lang='lat' dir='ltr'>F</span> <span class='ocrx_word' id='word_1_16' title='bbox 614 1332 835 1398; x_wconf 77' lang='lat' dir='ltr'>rauciacus.</span> 
     </span>
    </p>
   </div>
   <div class='ocr_carea' id='block_1_4' title="bbox 111 1451 1299 4591">
    <p class='ocr_par' dir='ltr' id='par_1_4' title="bbox 177 1451 1299 4075">
     <span class='ocr_line' id='line_1_5' title="bbox 261 1451 1217 1541; baseline -0.008 -21"><span class='ocrx_word' id='word_1_17' title='bbox 261 1455 389 1534; x_wconf 88' lang='lat' dir='ltr'>Video,</span> <span class='ocrx_word' id='word_1_18' title='bbox 422 1468 454 1522; x_wconf 90' lang='lat' dir='ltr'>et</span> <span class='ocrx_word' id='word_1_19' title='bbox 480 1476 605 1540; x_wconf 82' lang='lat' dir='ltr'>poenam</span> <span class='ocrx_word' id='word_1_20' title='bbox 633 1459 846 1538; x_wconf 87' lang='lat' dir='ltr'>interpretor,</span> <span class='ocrx_word' id='word_1_21' title='bbox 879 1455 1013 1541; x_wconf 82' lang='lat' dir='ltr'><strong>qualiter</strong></span> <span class='ocrx_word' id='word_1_22' title='bbox 1043 1451 1217 1516; x_wconf 74' lang='lat' dir='ltr'>Cretenses</span> 
     </span>
     <span class='ocr_line' id='line_1_6' title="bbox 187 1553 1219 1643; baseline -0.005 -23"><span class='ocrx_word' id='word_1_23' title='bbox 187 1555 278 1633; x_wconf 90' lang='lat' dir='ltr'>olim,</span> <span class='ocrx_word' id='word_1_24' title='bbox 310 1558 463 1622; x_wconf 86' lang='lat' dir='ltr'>adversos</span> <span class='ocrx_word' id='word_1_25' title='bbox 498 1579 582 1643; x_wconf 89' lang='lat' dir='ltr'>quos</span> <span class='ocrx_word' id='word_1_26' title='bbox 608 1558 744 1634; x_wconf 75' lang='lat' dir='ltr'>maxima</span> <span class='ocrx_word' id='word_1_27' title='bbox 768 1558 971 1621; x_wconf 83' lang='lat' dir='ltr'>execratione</span> <span class='ocrx_word' id='word_1_28' title='bbox 989 1553 1036 1618; x_wconf 89' lang='lat' dir='ltr'>uti</span> <span class='ocrx_word' id='word_1_29' title='bbox 1151 1560 1219 1626; x_wconf 73' lang='lat' dir='ltr'>ut,</span> 
     </span>
     <span class='ocr_line' id='line_1_7' title="bbox 187 1551 1220 1816; baseline 0.002 -98"><span class='ocrx_word' id='word_1_30' title='bbox 187 1655 225 1718; x_wconf 91' lang='lat' dir='ltr'>iis</span> <span class='ocrx_word' id='word_1_31' title='bbox 247 1659 414 1739; x_wconf 81' lang='lat' dir='ltr'>optabant,</span> <span class='ocrx_word' id='word_1_32' title='bbox 435 1669 472 1721; x_wconf 90' lang='lat' dir='ltr'>ut</span> <span class='ocrx_word' id='word_1_33' title='bbox 489 1662 570 1722; x_wconf 83' lang='lat' dir='ltr'>mala</span> <span class='ocrx_word' id='word_1_34' title='bbox 582 1660 815 1722; x_wconf 88' lang='lat' dir='ltr'>consuetudine</span> <span class='ocrx_word' id='word_1_35' title='bbox 828 1551 1220 1816; x_wconf 38' lang='lat' dir='ltr'>delectarentur*</span> 
     </span>
     <span class='ocr_line' id='line_1_8' title="bbox 188 1750 1220 1845; baseline -0.006 -25"><span class='ocrx_word' id='word_1_36' title='bbox 188 1780 349 1836; x_wconf 89' lang='lat' dir='ltr'>errorem,</span> <span class='ocrx_word' id='word_1_37' title='bbox 371 1759 447 1845; x_wconf 86' lang='lat' dir='ltr'>quia</span> <span class='ocrx_word' id='word_1_38' title='bbox 464 1758 580 1822; x_wconf 83' lang='lat' dir='ltr'>misere</span> <span class='ocrx_word' id='word_1_39' title='bbox 599 1761 673 1824; x_wconf 89' lang='lat' dir='ltr'>satis</span> <span class='ocrx_word' id='word_1_40' title='bbox 694 1759 809 1823; x_wconf 89' lang='lat' dir='ltr'>luimus</span> <span class='ocrx_word' id='word_1_41' title='bbox 828 1758 1003 1822; x_wconf 85' lang='lat' dir='ltr'>diutissime</span> <span class='ocrx_word' id='word_1_42' title='bbox 1013 1754 1105 1839; x_wconf 79' lang='lat' dir='ltr'>jem,</span> <span class='ocrx_word' id='word_1_43' title='bbox 1164 1750 1167 1757; x_wconf 81' lang='lat'>&#39;</span> <span class='ocrx_word' id='word_1_44' title='bbox 1197 1772 1220 1814; x_wconf 94' lang='lat' dir='ltr'>o</span> 
     </span>
     <span class='ocr_line' id='line_1_9' title="bbox 186 1858 1221 1938; baseline -0.002 -18"><span class='ocrx_word' id='word_1_45' title='bbox 186 1858 351 1923; x_wconf 81' lang='lat' dir='ltr'>misertum</span> <span class='ocrx_word' id='word_1_46' title='bbox 369 1861 496 1922; x_wconf 89' lang='lat' dir='ltr'>tandem</span> <span class='ocrx_word' id='word_1_47' title='bbox 517 1860 715 1924; x_wconf 87' lang='lat' dir='ltr'>credentium</span> <span class='ocrx_word' id='word_1_48' title='bbox 734 1859 768 1923; x_wconf 91' lang='lat' dir='ltr'>in</span> <span class='ocrx_word' id='word_1_49' title='bbox 787 1882 822 1924; x_wconf 92' lang='lat' dir='ltr'>se</span> <span class='ocrx_word' id='word_1_50' title='bbox 844 1859 953 1924; x_wconf 87' lang='lat' dir='ltr'>Christ</span> <span class='ocrx_word' id='word_1_51' title='bbox 1089 1865 1221 1938; x_wconf 77' lang='lat' dir='ltr'>tergere</span> 
     </span>
     <span class='ocr_line' id='line_1_10' title="bbox 187 1940 1247 2053; baseline 0.001 -33"><span class='ocrx_word' id='word_1_52' title='bbox 187 1961 269 2023; x_wconf 82' lang='lat' dir='ltr'>velle</span> <span class='ocrx_word' id='word_1_53' title='bbox 298 1980 385 2022; x_wconf 91' lang='lat' dir='ltr'>nunc</span> <span class='ocrx_word' id='word_1_54' title='bbox 412 1960 452 2023; x_wconf 90' lang='lat' dir='ltr'>ab</span> <span class='ocrx_word' id='word_1_55' title='bbox 480 1961 590 2025; x_wconf 88' lang='lat' dir='ltr'>animis</span> <span class='ocrx_word' id='word_1_56' title='bbox 616 1962 794 2039; x_wconf 88' lang='lat' dir='ltr'>hominum,</span> <span class='ocrx_word' id='word_1_57' title='bbox 829 1971 862 2022; x_wconf 84' lang='lat' dir='ltr'>et</span> <span class='ocrx_word' id='word_1_58' title='bbox 890 1981 933 2023; x_wconf 85' lang='lat' dir='ltr'>ex</span> <span class='ocrx_word' id='word_1_59' title='bbox 1141 1940 1247 2053; x_wconf 51' lang='lat' dir='ltr'>m</span> 
     </span>
     <span class='ocr_line' id='line_1_11' title="bbox 187 2057 1176 2147; baseline -0.002 -23"><span class='ocrx_word' id='word_1_60' title='bbox 187 2062 357 2124; x_wconf 83' lang='lat' dir='ltr'>salutarem</span> <span class='ocrx_word' id='word_1_61' title='bbox 378 2064 483 2125; x_wconf 90' lang='lat' dir='ltr'>lucem</span> <span class='ocrx_word' id='word_1_62' title='bbox 502 2062 666 2127; x_wconf 89' lang='lat' dir='ltr'>inducere.</span> <span class='ocrx_word' id='word_1_63' title='bbox 705 2060 743 2125; x_wconf 90' lang='lat' dir='ltr'>Id</span> <span class='ocrx_word' id='word_1_64' title='bbox 764 2063 852 2147; x_wconf 89' lang='lat' dir='ltr'>quod</span> <span class='ocrx_word' id='word_1_65' title='bbox 866 2081 943 2122; x_wconf 88' lang='lat' dir='ltr'>mox</span> <span class='ocrx_word' id='word_1_66' title='bbox 957 2057 1083 2122; x_wconf 72' lang='lat' dir='ltr'>tarmen</span> <span class='ocrx_word' id='word_1_67' title='bbox 1121 2066 1128 2079; x_wconf 87' lang='grc'><strong>’</strong></span> <span class='ocrx_word' id='word_1_68' title='bbox 1172 2066 1176 2074; x_wconf 83' lang='grc'><strong>“</strong></span> 
     </span>
     <span class='ocr_line' id='line_1_12' title="bbox 187 2163 1112 2246; baseline 0.001 -23"><span class='ocrx_word' id='word_1_69' title='bbox 187 2172 274 2225; x_wconf 85' lang='lat' dir='ltr'>tanta</span> <span class='ocrx_word' id='word_1_70' title='bbox 291 2163 325 2226; x_wconf 86' lang='lat' dir='ltr'>in</span> <span class='ocrx_word' id='word_1_71' title='bbox 344 2175 495 2245; x_wconf 90' lang='lat' dir='ltr'>promptu</span> <span class='ocrx_word' id='word_1_72' title='bbox 513 2164 590 2227; x_wconf 86' lang='lat' dir='ltr'>vitia</span> <span class='ocrx_word' id='word_1_73' title='bbox 608 2166 801 2228; x_wconf 90' lang='lat' dir='ltr'>documento</span> <span class='ocrx_word' id='word_1_74' title='bbox 820 2174 910 2238; x_wconf 88' lang='lat' dir='ltr'>sunt,</span> <span class='ocrx_word' id='word_1_75' title='bbox 932 2181 1028 2246; x_wconf 87' lang='lat' dir='ltr'>quem</span> <span class='ocrx_word' id='word_1_76' title='bbox 1042 2181 1112 2224; x_wconf 86' lang='lat' dir='ltr'>nos</span> 
     </span>
     <span class='ocr_line' id='line_1_13' title="bbox 186 2265 1098 2348; baseline 0.002 -24"><span class='ocrx_word' id='word_1_77' title='bbox 186 2272 254 2326; x_wconf 83' lang='lat' dir='ltr'>tum</span> <span class='ocrx_word' id='word_1_78' title='bbox 281 2284 396 2343; x_wconf 86' lang='lat' dir='ltr'>urgere</span> <span class='ocrx_word' id='word_1_79' title='bbox 429 2265 540 2341; x_wconf 87' lang='lat' dir='ltr'>dccet,</span> <span class='ocrx_word' id='word_1_80' title='bbox 574 2287 611 2328; x_wconf 85' lang='lat' dir='ltr'>ac</span> <span class='ocrx_word' id='word_1_81' title='bbox 642 2286 821 2348; x_wconf 89' lang='lat' dir='ltr'>provocare</span> <span class='ocrx_word' id='word_1_82' title='bbox 854 2273 1007 2347; x_wconf 87' lang='lat' dir='ltr'>quantum</span> <span class='ocrx_word' id='word_1_83' title='bbox 1038 2284 1098 2345; x_wconf 86' lang='lat' dir='ltr'>pos</span> 
     </span>
     <span class='ocr_line' id='line_1_14' title="bbox 187 2346 1162 2448; baseline -0.001 -23"><span class='ocrx_word' id='word_1_84' title='bbox 187 2364 369 2426; x_wconf 76' lang='lat' dir='ltr'>Praesertim</span> <span class='ocrx_word' id='word_1_85' title='bbox 389 2364 489 2448; x_wconf 87' lang='lat' dir='ltr'>siquis</span> <span class='ocrx_word' id='word_1_86' title='bbox 510 2366 568 2442; x_wconf 88' lang='lat' dir='ltr'>sit,</span> <span class='ocrx_word' id='word_1_87' title='bbox 592 2367 644 2430; x_wconf 89' lang='lat' dir='ltr'>cui</span> <span class='ocrx_word' id='word_1_88' title='bbox 665 2369 745 2429; x_wconf 86' lang='lat' dir='ltr'>hanc</span> <span class='ocrx_word' id='word_1_89' title='bbox 763 2377 901 2429; x_wconf 89' lang='lat' dir='ltr'>mentem</span> <span class='ocrx_word' id='word_1_90' title='bbox 920 2365 1010 2427; x_wconf 92' lang='lat' dir='ltr'>Deus</span> <span class='ocrx_word' id='word_1_91' title='bbox 1030 2346 1162 2439; x_wconf 79' lang='lat' dir='ltr'>indidif,</span> 
     </span>
     <span class='ocr_line' id='line_1_15' title="bbox 186 2464 1221 2550; baseline -0.002 -25"><span class='ocrx_word' id='word_1_92' title='bbox 186 2464 355 2547; x_wconf 74' lang='lat' dir='ltr'>aegerrime</span> <span class='ocrx_word' id='word_1_93' title='bbox 385 2465 469 2528; x_wconf 80' lang='lat' dir='ltr'>serat</span> <span class='ocrx_word' id='word_1_94' title='bbox 504 2489 565 2548; x_wconf 92' lang='lat' dir='ltr'>pro</span> <span class='ocrx_word' id='word_1_95' title='bbox 602 2469 654 2549; x_wconf 88' lang='lat' dir='ltr'>pia</span> <span class='ocrx_word' id='word_1_96' title='bbox 694 2467 850 2550; x_wconf 87' lang='lat' dir='ltr'>religione</span> <span class='ocrx_word' id='word_1_97' title='bbox 881 2468 1053 2527; x_wconf 83' lang='lat' dir='ltr'>maleficam</span> <span class='ocrx_word' id='word_1_98' title='bbox 1082 2480 1221 2546; x_wconf 80' lang='lat' dir='ltr'>regnare</span> 
     </span>
     <span class='ocr_line' id='line_1_16' title="bbox 186 2566 1222 2646; baseline 0 -19"><span class='ocrx_word' id='word_1_99' title='bbox 186 2566 468 2645; x_wconf 87' lang='lat' dir='ltr'>superstitionem,</span> <span class='ocrx_word' id='word_1_100' title='bbox 510 2568 588 2630; x_wconf 89' lang='lat' dir='ltr'>istos</span> <span class='ocrx_word' id='word_1_101' title='bbox 619 2572 699 2632; x_wconf 87' lang='lat' dir='ltr'>male</span> <span class='ocrx_word' id='word_1_102' title='bbox 737 2576 877 2632; x_wconf 85' lang='lat' dir='ltr'>moratos</span> <span class='ocrx_word' id='word_1_103' title='bbox 918 2568 1082 2640; x_wconf 89' lang='lat' dir='ltr'>hominos,</span> <span class='ocrx_word' id='word_1_104' title='bbox 1113 2567 1222 2646; x_wconf 81' lang='lat' dir='ltr'>glabra</span> 
     </span>
     <span class='ocr_line' id='line_1_17' title="bbox 186 2663 1221 2751; baseline -0.001 -24"><span class='ocrx_word' id='word_1_105' title='bbox 186 2678 282 2744; x_wconf 86' lang='lat' dir='ltr'>cute,</span> <span class='ocrx_word' id='word_1_106' title='bbox 313 2670 406 2731; x_wconf 87' lang='lat' dir='ltr'>vulso</span> <span class='ocrx_word' id='word_1_107' title='bbox 436 2690 593 2751; x_wconf 87' lang='lat' dir='ltr'>corpore,</span> <span class='ocrx_word' id='word_1_108' title='bbox 627 2680 820 2751; x_wconf 85' lang='lat' dir='ltr'>exporrecto</span> <span class='ocrx_word' id='word_1_109' title='bbox 856 2681 988 2745; x_wconf 87' lang='lat' dir='ltr'>ventre,</span> <span class='ocrx_word' id='word_1_110' title='bbox 1024 2663 1221 2746; x_wconf 85' lang='lat' dir='ltr'>patrantibus</span> 
     </span>
     <span class='ocr_line' id='line_1_18' title="bbox 186 2767 1221 2854; baseline 0.002 -26"><span class='ocrx_word' id='word_1_111' title='bbox 186 2767 306 2845; x_wconf 89' lang='lat' dir='ltr'>oculis,</span> <span class='ocrx_word' id='word_1_112' title='bbox 338 2782 506 2853; x_wconf 78' lang='lat' dir='ltr'>unguento</span> <span class='ocrx_word' id='word_1_113' title='bbox 528 2771 704 2847; x_wconf 86' lang='lat' dir='ltr'>delibutos,</span> <span class='ocrx_word' id='word_1_114' title='bbox 736 2771 860 2854; x_wconf 87' lang='lat' dir='ltr'>aliquos</span> <span class='ocrx_word' id='word_1_115' title='bbox 887 2773 968 2831; x_wconf 86' lang='lat' dir='ltr'>rnale</span> <span class='ocrx_word' id='word_1_116' title='bbox 998 2768 1086 2830; x_wconf 84' lang='lat' dir='ltr'>viros</span> <span class='ocrx_word' id='word_1_117' title='bbox 1114 2767 1221 2842; x_wconf 86' lang='lat' dir='ltr'>etiam,</span> 
     </span>
     <span class='ocr_line' id='line_1_19' title="bbox 186 2868 1231 2954; baseline 0.001 -22"><span class='ocrx_word' id='word_1_118' title='bbox 186 2871 303 2954; x_wconf 85' lang='lat' dir='ltr'>quibus</span> <span class='ocrx_word' id='word_1_119' title='bbox 329 2883 402 2933; x_wconf 83' lang='lat' dir='ltr'>ante</span> <span class='ocrx_word' id='word_1_120' title='bbox 428 2873 666 2953; x_wconf 88' lang='lat' dir='ltr'>temperantiam</span> <span class='ocrx_word' id='word_1_121' title='bbox 694 2871 796 2934; x_wconf 88' lang='lat' dir='ltr'>libido</span> <span class='ocrx_word' id='word_1_122' title='bbox 817 2884 881 2948; x_wconf 91' lang='lat' dir='ltr'>est,</span> <span class='ocrx_word' id='word_1_123' title='bbox 913 2881 985 2935; x_wconf 84' lang='lat' dir='ltr'>ante</span> <span class='ocrx_word' id='word_1_124' title='bbox 1005 2868 1231 2933; x_wconf 80' lang='lat' dir='ltr'>innocentiam</span> 
     </span>
     <span class='ocr_line' id='line_1_20' title="bbox 184 2912 1299 3057; baseline -0.003 -22"><span class='ocrx_word' id='word_1_125' title='bbox 184 2972 292 3049; x_wconf 79' lang='lat' dir='ltr'>fraus,</span> <span class='ocrx_word' id='word_1_126' title='bbox 334 2985 406 3036; x_wconf 83' lang='lat' dir='ltr'>atate</span> <span class='ocrx_word' id='word_1_127' title='bbox 437 2974 629 3055; x_wconf 76' lang='lat' dir='ltr'>probitatem</span> <span class='ocrx_word' id='word_1_128' title='bbox 665 2972 800 3050; x_wconf 87' lang='lat' dir='ltr'>malitia,</span> <span class='ocrx_word' id='word_1_129' title='bbox 833 2973 992 3048; x_wconf 89' lang='lat' dir='ltr'>breviter,</span> <span class='ocrx_word' id='word_1_130' title='bbox 1033 2912 1299 3057; x_wconf 60' lang='lat' dir='ltr'>inhonesto‘</span> 
     </span>
     <span class='ocr_line' id='line_1_21' title="bbox 184 3074 1221 3160; baseline -0.004 -22"><span class='ocrx_word' id='word_1_131' title='bbox 184 3074 350 3152; x_wconf 89' lang='lat' dir='ltr'>homines,</span> <span class='ocrx_word' id='word_1_132' title='bbox 381 3095 489 3137; x_wconf 88' lang='lat' dir='ltr'>rerum</span> <span class='ocrx_word' id='word_1_133' title='bbox 517 3076 741 3160; x_wconf 85' lang='lat' dir='ltr'>gubernaculis</span> <span class='ocrx_word' id='word_1_134' title='bbox 770 3074 1042 3157; x_wconf 87' lang='lat' dir='ltr'>impudentissime</span> <span class='ocrx_word' id='word_1_135' title='bbox 1070 3074 1221 3156; x_wconf 84' lang='lat' dir='ltr'>ingerere</span> 
     </span>
     <span class='ocr_line' id='line_1_22' title="bbox 185 3173 1222 3258; baseline 0.001 -21"><span class='ocrx_word' id='word_1_136' title='bbox 185 3197 235 3252; x_wconf 91' lang='lat' dir='ltr'>se,</span> <span class='ocrx_word' id='word_1_137' title='bbox 270 3197 306 3237; x_wconf 83' lang='lat' dir='ltr'>ac</span> <span class='ocrx_word' id='word_1_138' title='bbox 326 3176 445 3258; x_wconf 79' lang='lat' dir='ltr'>virgini</span> <span class='ocrx_word' id='word_1_139' title='bbox 465 3177 615 3239; x_wconf 83' lang='lat' dir='ltr'>Ecclesiae</span> <span class='ocrx_word' id='word_1_140' title='bbox 642 3178 782 3239; x_wconf 86' lang='lat' dir='ltr'>habitum</span> <span class='ocrx_word' id='word_1_141' title='bbox 809 3177 1025 3258; x_wconf 85' lang='lat' dir='ltr'>impurissimae</span> <span class='ocrx_word' id='word_1_142' title='bbox 1044 3173 1222 3238; x_wconf 82' lang='lat' dir='ltr'>meretricis</span> 
     </span>
     <span class='ocr_line' id='line_1_23' title="bbox 184 3275 1223 3361; baseline 0 -24"><span class='ocrx_word' id='word_1_143' title='bbox 184 3275 350 3338; x_wconf 87' lang='lat' dir='ltr'>inducere.</span> <span class='ocrx_word' id='word_1_144' title='bbox 389 3278 520 3341; x_wconf 90' lang='lat' dir='ltr'>Interim</span> <span class='ocrx_word' id='word_1_145' title='bbox 548 3280 735 3361; x_wconf 84' lang='lat' dir='ltr'>gravitatem</span> <span class='ocrx_word' id='word_1_146' title='bbox 754 3278 953 3355; x_wconf 88' lang='lat' dir='ltr'>simulantes,</span> <span class='ocrx_word' id='word_1_147' title='bbox 981 3290 1087 3340; x_wconf 87' lang='lat' dir='ltr'>tamen</span> <span class='ocrx_word' id='word_1_148' title='bbox 1105 3279 1223 3340; x_wconf 89' lang='lat' dir='ltr'>multos</span> 
     </span>
     <span class='ocr_line' id='line_1_24' title="bbox 184 3378 1223 3463; baseline 0.008 -26"><span class='ocrx_word' id='word_1_149' title='bbox 184 3389 258 3457; x_wconf 87' lang='lat' dir='ltr'>post</span> <span class='ocrx_word' id='word_1_150' title='bbox 278 3386 350 3440; x_wconf 87' lang='lat' dir='ltr'>ante</span> <span class='ocrx_word' id='word_1_151' title='bbox 370 3379 576 3455; x_wconf 91' lang='lat' dir='ltr'>ambulones,</span> <span class='ocrx_word' id='word_1_152' title='bbox 603 3379 818 3462; x_wconf 86' lang='lat' dir='ltr'>prementibus</span> <span class='ocrx_word' id='word_1_153' title='bbox 839 3404 873 3443; x_wconf 89' lang='lat' dir='ltr'>se</span> <span class='ocrx_word' id='word_1_154' title='bbox 893 3378 1015 3463; x_wconf 85' lang='lat' dir='ltr'>magnis</span> <span class='ocrx_word' id='word_1_155' title='bbox 1035 3379 1223 3462; x_wconf 85' lang='lat' dir='ltr'>stipatorum</span> 
     </span>
     <span class='ocr_line' id='line_1_25' title="bbox 182 3477 1224 3563; baseline 0.004 -23"><span class='ocrx_word' id='word_1_156' title='bbox 182 3477 356 3561; x_wconf 83' lang='lat' dir='ltr'>gregibus,</span> <span class='ocrx_word' id='word_1_157' title='bbox 384 3501 421 3541; x_wconf 92' lang='lat' dir='ltr'>ac</span> <span class='ocrx_word' id='word_1_158' title='bbox 441 3500 616 3543; x_wconf 90' lang='lat' dir='ltr'>numeroso</span> <span class='ocrx_word' id='word_1_159' title='bbox 637 3483 734 3563; x_wconf 85' lang='lat' dir='ltr'>tergis</span> <span class='ocrx_word' id='word_1_160' title='bbox 754 3483 926 3547; x_wconf 82' lang='lat' dir='ltr'>inhaerente</span> <span class='ocrx_word' id='word_1_161' title='bbox 947 3481 1111 3558; x_wconf 86' lang='lat' dir='ltr'>satellitio,</span> <span class='ocrx_word' id='word_1_162' title='bbox 1134 3502 1224 3544; x_wconf 87' lang='lat' dir='ltr'>cere·</span> 
     </span>
     <span class='ocr_line' id='line_1_26' title="bbox 181 3579 1223 3668; baseline 0 -24"><span class='ocrx_word' id='word_1_163' title='bbox 181 3579 305 3644; x_wconf 87' lang='lat' dir='ltr'>monias</span> <span class='ocrx_word' id='word_1_164' title='bbox 333 3582 454 3646; x_wconf 87' lang='lat' dir='ltr'>inferre</span> <span class='ocrx_word' id='word_1_165' title='bbox 482 3584 598 3660; x_wconf 90' lang='lat' dir='ltr'>nobis,</span> <span class='ocrx_word' id='word_1_166' title='bbox 632 3585 797 3668; x_wconf 86' lang='lat' dir='ltr'>plusquam</span> <span class='ocrx_word' id='word_1_167' title='bbox 823 3583 988 3660; x_wconf 82' lang='lat' dir='ltr'>Jutlaicas,</span> <span class='ocrx_word' id='word_1_168' title='bbox 1023 3603 1059 3645; x_wconf 87' lang='lat' dir='ltr'>ac</span> <span class='ocrx_word' id='word_1_169' title='bbox 1078 3582 1223 3667; x_wconf 85' lang='lat' dir='ltr'>peregri-</span> 
     </span>
     <span class='ocr_line' id='line_1_27' title="bbox 179 3683 1222 3771; baseline 0.003 -27"><span class='ocrx_word' id='word_1_170' title='bbox 179 3703 258 3744; x_wconf 86' lang='lat' dir='ltr'>num</span> <span class='ocrx_word' id='word_1_171' title='bbox 278 3683 441 3765; x_wconf 80' lang='lat' dir='ltr'>&#39;quiddam</span> <span class='ocrx_word' id='word_1_172' title='bbox 469 3683 552 3747; x_wconf 87' lang='lat' dir='ltr'>inter</span> <span class='ocrx_word' id='word_1_173' title='bbox 584 3706 672 3747; x_wconf 88' lang='lat' dir='ltr'>sacra</span> <span class='ocrx_word' id='word_1_174' title='bbox 697 3686 896 3770; x_wconf 83' lang='lat' dir='ltr'>gesticulari,</span> <span class='ocrx_word' id='word_1_175' title='bbox 923 3687 1093 3771; x_wconf 84' lang='lat' dir='ltr'>aliquando</span> <span class='ocrx_word' id='word_1_176' title='bbox 1120 3706 1222 3747; x_wconf 88' lang='lat' dir='ltr'>novas</span> 
     </span>
     <span class='ocr_line' id='line_1_28' title="bbox 180 3784 1223 3873; baseline 0.007 -27"><span class='ocrx_word' id='word_1_177' title='bbox 180 3784 278 3846; x_wconf 83' lang='lat' dir='ltr'>leriae</span> <span class='ocrx_word' id='word_1_178' title='bbox 311 3784 471 3860; x_wconf 88' lang='lat' dir='ltr'>indicere,</span> <span class='ocrx_word' id='word_1_179' title='bbox 503 3797 557 3848; x_wconf 88' lang='lat' dir='ltr'>aut</span> <span class='ocrx_word' id='word_1_180' title='bbox 587 3788 842 3864; x_wconf 84' lang='lat' dir='ltr'>obsecrationes,</span> <span class='ocrx_word' id='word_1_181' title='bbox 872 3812 951 3873; x_wconf 88' lang='lat' dir='ltr'>quas</span> <span class='ocrx_word' id='word_1_182' title='bbox 984 3789 1117 3852; x_wconf 90' lang='lat' dir='ltr'>Persico</span> <span class='ocrx_word' id='word_1_183' title='bbox 1150 3810 1223 3853; x_wconf 89' lang='lat' dir='ltr'>cum</span> 
     </span>
     <span class='ocr_line' id='line_1_29' title="bbox 179 3889 1223 3973; baseline 0.007 -26"><span class='ocrx_word' id='word_1_184' title='bbox 179 3898 333 3968; x_wconf 83' lang='lat' dir='ltr'>apparatu</span> <span class='ocrx_word' id='word_1_185' title='bbox 365 3899 521 3967; x_wconf 81' lang='lat' dir='ltr'>praeeant,</span> <span class='ocrx_word' id='word_1_186' title='bbox 555 3912 637 3970; x_wconf 88' lang='lat' dir='ltr'>saepe</span> <span class='ocrx_word' id='word_1_187' title='bbox 667 3892 757 3973; x_wconf 91' lang='lat' dir='ltr'>quod</span> <span class='ocrx_word' id='word_1_188' title='bbox 784 3912 843 3971; x_wconf 88' lang='lat' dir='ltr'>per</span> <span class='ocrx_word' id='word_1_189' title='bbox 878 3912 1025 3953; x_wconf 90' lang='lat' dir='ltr'>somnum</span> <span class='ocrx_word' id='word_1_190' title='bbox 1060 3889 1223 3973; x_wconf 83' lang='lat' dir='ltr'>imaginati</span> 
     </span>
     <span class='ocr_line' id='line_1_30' title="bbox 177 3980 1238 4075; baseline 0.007 -25"><span class='ocrx_word' id='word_1_191' title='bbox 177 3980 386 4071; x_wconf 75' lang='lat' dir='ltr'>sunt,&#39;quasi</span> <span class='ocrx_word' id='word_1_192' title='bbox 407 3987 559 4052; x_wconf 87' lang='lat' dir='ltr'>divinitus</span> <span class='ocrx_word' id='word_1_193' title='bbox 584 3995 774 4067; x_wconf 85' lang='lat' dir='ltr'>revelatum,</span> <span class='ocrx_word' id='word_1_194' title='bbox 796 3993 918 4075; x_wconf 82' lang='lat' dir='ltr'>magnis</span> <span class='ocrx_word' id='word_1_195' title='bbox 939 4014 1010 4056; x_wconf 89' lang='lat' dir='ltr'>cum</span> <span class='ocrx_word' id='word_1_196' title='bbox 1031 3992 1238 4057; x_wconf 81' lang='lat' dir='ltr'>clamoribus·</span> 
     </span>
    </p>

    <p class='ocr_par' dir='ltr' id='par_1_5' title="bbox 111 4088 1273 4591">
     <span class='ocr_line' id='line_1_31' title="bbox 111 4088 1223 4185; baseline 0.006 -34"><span class='ocrx_word' id='word_1_197' title='bbox 111 4126 115 4131; x_wconf 83' lang='lat'><strong>.</strong></span> <span class='ocrx_word' id='word_1_198' title='bbox 177 4088 369 4171; x_wconf 86' lang='lat' dir='ltr'>praedicare,</span> <span class='ocrx_word' id='word_1_199' title='bbox 391 4111 427 4152; x_wconf 86' lang='lat' dir='ltr'>ac</span> <span class='ocrx_word' id='word_1_200' title='bbox 438 4091 585 4173; x_wconf 85' lang='lat' dir='ltr'>prodigia</span> <span class='ocrx_word' id='word_1_201' title='bbox 597 4096 720 4176; x_wconf 81' lang='lat' dir='ltr'>lingere</span> <span class='ocrx_word' id='word_1_202' title='bbox 735 4094 840 4175; x_wconf 88' lang='lat' dir='ltr'>ipsos,</span> <span class='ocrx_word' id='word_1_203' title='bbox 863 4106 894 4156; x_wconf 89' lang='lat' dir='ltr'>et</span> <span class='ocrx_word' id='word_1_204' title='bbox 907 4099 1034 4158; x_wconf 89' lang='lat' dir='ltr'>oracula</span> <span class='ocrx_word' id='word_1_205' title='bbox 1046 4096 1223 4185; x_wconf 77' lang='lat' dir='ltr'>instituere,</span> 
     </span>
     <span class='ocr_line' id='line_1_32' title="bbox 177 4194 1224 4276; baseline 0.005 -22"><span class='ocrx_word' id='word_1_206' title='bbox 177 4202 316 4276; x_wconf 81' lang='lat' dir='ltr'>quastus</span> <span class='ocrx_word' id='word_1_207' title='bbox 348 4214 385 4254; x_wconf 89' lang='lat' dir='ltr'>ac</span> <span class='ocrx_word' id='word_1_208' title='bbox 415 4194 495 4255; x_wconf 90' lang='lat' dir='ltr'>lucri</span> <span class='ocrx_word' id='word_1_209' title='bbox 521 4196 622 4276; x_wconf 86' lang='lat' dir='ltr'>gratia</span> <span class='ocrx_word' id='word_1_210' title='bbox 641 4197 765 4273; x_wconf 69' lang='lat' dir='ltr'>lacere,</span> <span class='ocrx_word' id='word_1_211' title='bbox 797 4209 829 4256; x_wconf 90' lang='lat' dir='ltr'>et</span> <span class='ocrx_word' id='word_1_212' title='bbox 850 4197 968 4260; x_wconf 91' lang='lat' dir='ltr'>docere</span> <span class='ocrx_word' id='word_1_213' title='bbox 989 4199 1105 4260; x_wconf 84' lang='lat' dir='ltr'>onmia.</span> <span class='ocrx_word' id='word_1_214' title='bbox 1145 4199 1224 4260; x_wconf 86' lang='lat' dir='ltr'>Haeo</span> 
     </span>
     <span class='ocr_line' id='line_1_33' title="bbox 175 4293 1224 4386; baseline 0.006 -29"><span class='ocrx_word' id='word_1_215' title='bbox 175 4293 308 4379; x_wconf 86' lang='lat' dir='ltr'>inquam</span> <span class='ocrx_word' id='word_1_216' title='bbox 329 4295 356 4357; x_wconf 88' lang='lat' dir='ltr'>si</span> <span class='ocrx_word' id='word_1_217' title='bbox 378 4308 552 4377; x_wconf 88' lang='lat' dir='ltr'>cognoscat</span> <span class='ocrx_word' id='word_1_218' title='bbox 573 4297 662 4380; x_wconf 89' lang='lat' dir='ltr'>quis,</span> <span class='ocrx_word' id='word_1_219' title='bbox 684 4311 715 4360; x_wconf 92' lang='lat' dir='ltr'>ct</span> <span class='ocrx_word' id='word_1_220' title='bbox 735 4321 815 4361; x_wconf 88' lang='lat' dir='ltr'>vero</span> <span class='ocrx_word' id='word_1_221' title='bbox 836 4299 960 4381; x_wconf 84' lang='lat' dir='ltr'>pietatis</span> <span class='ocrx_word' id='word_1_222' title='bbox 984 4305 1054 4364; x_wconf 91' lang='lat' dir='ltr'>zelo</span> <span class='ocrx_word' id='word_1_223' title='bbox 1075 4302 1224 4386; x_wconf 80' lang='lat' dir='ltr'>indigne·</span> 
     </span>
     <span class='ocr_line' id='line_1_34' title="bbox 176 4397 1273 4482; baseline 0.004 -24"><span class='ocrx_word' id='word_1_224' title='bbox 176 4408 248 4474; x_wconf 88' lang='lat' dir='ltr'>tur,</span> <span class='ocrx_word' id='word_1_225' title='bbox 270 4397 367 4460; x_wconf 86' lang='lat' dir='ltr'>debet</span> <span class='ocrx_word' id='word_1_226' title='bbox 387 4397 535 4478; x_wconf 81' lang='lat' dir='ltr'>prolecto</span> <span class='ocrx_word' id='word_1_227' title='bbox 560 4412 714 4482; x_wconf 86' lang='lat' dir='ltr'>quantum</span> <span class='ocrx_word' id='word_1_228' title='bbox 735 4403 872 4481; x_wconf 88' lang='lat' dir='ltr'>poterit,</span> <span class='ocrx_word' id='word_1_229' title='bbox 902 4415 937 4464; x_wconf 88' lang='lat' dir='ltr'>ut</span> <span class='ocrx_word' id='word_1_230' title='bbox 959 4404 1126 4467; x_wconf 85' lang='lat' dir='ltr'>aboleatur</span> <span class='ocrx_word' id='word_1_231' title='bbox 1144 4407 1226 4471; x_wconf 83' lang='lat' dir='ltr'>mala</span> <span class='ocrx_word' id='word_1_232' title='bbox 1266 4447 1273 4462; x_wconf 90' lang='lat'><strong>.</strong></span> 
     </span>
     <span class='ocr_line' id='line_1_35' title="bbox 176 4501 1222 4591; baseline 0.011 -30"><span class='ocrx_word' id='word_1_233' title='bbox 176 4501 397 4577; x_wconf 88' lang='lat' dir='ltr'>consuetudo,</span> <span class='ocrx_word' id='word_1_234' title='bbox 427 4501 489 4583; x_wconf 89' lang='lat' dir='ltr'>ipsi</span> <span class='ocrx_word' id='word_1_235' title='bbox 510 4512 639 4565; x_wconf 86' lang='lat' dir='ltr'>autores</span> <span class='ocrx_word' id='word_1_236' title='bbox 662 4502 854 4585; x_wconf 85' lang='lat' dir='ltr'>exigantur,</span> <span class='ocrx_word' id='word_1_237' title='bbox 885 4504 1003 4584; x_wconf 83' lang='lat' dir='ltr'>adniti,</span> <span class='ocrx_word' id='word_1_238' title='bbox 1035 4519 1067 4568; x_wconf 87' lang='lat' dir='ltr'>et</span> <span class='ocrx_word' id='word_1_239' title='bbox 1089 4530 1222 4591; x_wconf 83' lang='lat' dir='ltr'>operam</span> 
     </span>
    </p>
   </div>
   <div class='ocr_carea' id='block_1_5' title="bbox 0 0 1314 5108">
    <p class='ocr_par' dir='ltr' id='par_1_6' title="bbox 0 0 1314 5108">
     <span class='ocr_line' id='line_1_36' title="bbox 0 0 1314 5108; baseline 0 2"><span class='ocrx_word' id='word_1_240' title='bbox 0 0 1314 5108; x_wconf 95' lang='lat' dir='ltr'> </span> 
     </span>
    </p>
   </div>
  </div>
 </body>
</html>
