2618 5108
194 815 266 897 aso
475 811 679 889 rasura
728 809 920 917 usuagis

194 1021 297 1086 genus
315 1000 503 1078 muninus,
522 1002 580 1067 sed
599 1002 740 1085 inprimis
758 1005 914 1089 egestate)
932 1016 1001 1070 nam
1018 1022 1099 1069 vero
1118 999 1220 1066 demi·

187 1102 286 1188 ἱρή
304 1102 365 1167 nisi
384 1103 497 1169 oblatis
516 1105 701 1169 muneribus
718 1108 805 1169 houd
824 1124 989 1191 quaquam·
1003 1100 1122 1188 poseo?
1152 1100 1222 1166 Au!

192 1226 260 1269 non
287 1205 434 1281 videbas,
464 1205 623 1270 neminem
654 1207 687 1269 iu
715 1212 786 1272 aula
815 1228 912 1291 agere
939 1204 1043 1271 naiuns
1074 1203 1223 1281 candide,

194 1306 364 1391 minusque
384 1304 536 1372 sincere?
564 1308 622 1371 aed
640 1320 716 1373 tuuc
735 1310 871 1373 maxime
891 1308 1036 1372 fraudem
1052 1305 1221 1369 intendere

192 1429 262 1486 eos,
280 1428 352 1471 cum
365 1405 589 1493 benignissime
602 1410 814 1491 respondent,
831 1420 863 1473 et
875 1408 990 1473 aulicas
1004 1405 1221 1487 salutationes,

193 1530 232 1572 ac
249 1509 435 1595 magnificos
453 1509 523 1571 ilios
543 1530 620 1575 suos
640 1523 769 1593 crepant
789 1509 920 1573 fumosi
947 1492 965 1531 ⁸

596 1674 816 1739 Hudcnns.

272 1773 516 1865 Cognoaeram,
545 1786 577 1840 ct
596 1775 762 1853 videbam,
791 1774 847 1839 scd
873 1776 916 1839 ob
944 1774 976 1839 id
995 1773 1126 1838 brevius
1146 1792 1221 1856 per·

196 1876 327 1954 strinxi,
349 1880 422 1962 quia
438 1876 656 1961 proponebam
672 1878 761 1941 sacris
781 1877 948 1962 aliquando
968 1877 1112 1956 implere,
1130 1870 1221 1961 quod

195 1978 318 2060 scriptis
352 1979 451 2041 minus
490 1982 679 2044 nocuissem.
728 1980 808 2042 Nam
842 1977 986 2040 futurum
1017 1978 1108 2039 ctiam
1134 1992 1221 2039 uuum

193 2090 251 2162 spe
269 2080 372 2143 ducor
391 2078 587 2157 vehementi,
617 2096 652 2145 ut
673 2080 840 2160 exigantur
865 2078 912 2155 hi,
942 2088 974 2140 ct
993 2093 1142 2162 tanquam
1163 2074 1221 2141 idi·

191 2181 356 2264 portabilia
373 2180 516 2265 quaedam
534 2201 650 2258 onera,
671 2203 688 2244 a
704 2182 884 2263 Principum
896 2180 993 2262 tergis
1006 2178 1222 2243 detrinentum

192 2282 317 2363 Quibus
350 2290 385 2344 tu
411 2301 477 2342 non
507 2296 599 2363 putas
626 2282 766 2345 utiliores
796 2302 866 2344 csse
893 2280 1041 2343 ridiculos
1067 2282 1154 2354 iilos,
1186 2294 1221 2344 et

192 2382 374 2457 moriones,
395 2400 490 2465 quam
509 2380 778 2446 damnosissimum
797 2383 969 2447 scribarum
986 2377 1131 2464 vulgus?

578 2523 832 2587 Franciscus.

202 2664 205 2669 ·
268 2625 350 2689 Esse
368 2644 463 2702 reor,
497 2622 541 2688 ob
559 2625 591 2687 id
610 2626 760 2702 maximo,
793 2623 882 2708 quod
909 2642 1021 2687 verum
1048 2621 1222 2709 aliquando

192 2724 302 2791 dicuin
320 2729 407 2790 sacillo
430 2747 638 2809 personarum
659 2720 924 2808 respectu3'cuur
944 2724 1113 2791 foedissime
1141 2724 1223 2791 adu·

192 2828 297 2893 lentur
316 2829 367 2905 hi,
388 2828 515 2913 quoties
535 2830 659 2892 lucrum
679 2826 920 2908 conspicantur,
947 2828 987 2890 ad
1007 2827 1096 2910 quod
1115 2828 1223 2891 omnia

190 2928 349 2997 ,adornant
369 2941 402 2991 et
419 2941 626 3009 componunt.
671 2930 795 2993 Verum
816 2929 951 3010 optimos
971 2928 1042 2993 ilios
1060 2927 1221 2991 Jurecou·

192 3032 307 3107 sums,
352 3030 493 3095 dicemus
530 3032 658 3113 segnius
690 3050 822 3110 vorare,
856 3050 952 3118 quam
980 3029 1105 3095 Scribas
1136 3028 1221 3097 Gar·

192 3131 349 3203 muium?

600 3276 812 3339 Huttenus.

266 3374 477 3457 Nequaquam
523 3374 680 3452 dicemus,
718 3396 830 3439 verum
871 3376 933 3440 hoc
962 3375 1093 3458 pejores
1125 3374 1221 3441 etiam

192 3471 416 3555 judicabimus,
448 3477 537 3559 quod
569 3478 769 3540 indoctissimi
800 3498 872 3538 cum
897 3478 976 3553 sint,
1009 3475 1221 3541 doctitanter}

192 3588 345 3660 pariantur
362 3578 481 3660 maigo,
515 3596 552 3638 ac
572 3598 607 3639 se
632 3580 707 3640 tales
727 3577 784 3659 ipsi
811 3574 940 3658 jactant,
975 3592 1068 3641 etex
1090 3577 1223 3645 scienda

195 3680 333 3739 omnium
354 3699 423 3760 quac
442 3692 517 3741 siant
536 3676 732 3754 tenuissima,
754 3678 847 3740 acad
868 3698 994 3740 omnem
1013 3698 1123 3742 rerum
1142 3700 1223 3743 con·

192 3774 393 3852 versionem,
408 3788 439 3838 et
452 3798 707 3862 unamquamque
719 3778 893 3841 communis
905 3784 1000 3843 statiis
1012 3780 1222 3845 mansionen

192 3874 418 3959 bannalium,
439 3879 635 3942 odiosissime
651 3880 849 3961 superbiunt.
886 3881 993 3963 Qualis
1013 3884 1099 3946 enim
1116 3880 1220 3949 Mus

193 3980 459 4062 «sugdaorum
476 3980 592 4062 passim
611 3982 720 4045 nunc?

579 4122 837 4188 Franciscus.

204 4202 230 4229 ¹
270 4219 363 4309 Quali
382 4222 466 4285 nulia
486 4222 649 4287 hominum
668 4236 753 4287 secia
772 4234 882 4288 mmet.

270 4464 314 4531 Et
332 4465 459 4551 qualem
482 4466 569 4533 ierre
587 4365 916 4552 Iiiiuaitiqiatuiiiimines
935 4462 1060 4547 possim
1076 4465 1222 4535 diutius?
