<?xml version="1.0" encoding="UTF-8"?>
<!DOCTYPE html PUBLIC "-//W3C//DTD XHTML 1.0 Transitional//EN"
    "http://www.w3.org/TR/xhtml1/DTD/xhtml1-transitional.dtd">
<html xmlns="http://www.w3.org/1999/xhtml" xml:lang="en" lang="en">
 <head>
  <title>
</title>
<meta http-equiv="Content-Type" content="text/html;charset=utf-8" />
  <meta name='ocr-system' content='tesseract 3.04.00' />
  <meta name='ocr-capabilities' content='ocr_page ocr_carea ocr_par ocr_line ocrx_word'/>
</head>
<body>
  <div class='ocr_page' id='page_1' title='image "./ulrichiabhutten00mngoog_0582.png"; bbox 0 0 2618 5108; ppageno 0'>
   <div class='ocr_carea' id='block_1_1' title="bbox 644 1262 686 1348">
    <p class='ocr_par' dir='ltr' id='par_1_1' title="bbox 644 1262 686 1348">
     <span class='ocr_line' id='line_1_1' title="bbox 644 1262 686 1348; baseline 0 0"><span class='ocrx_word' id='word_1_1' title='bbox 644 1262 686 1348; x_wconf 89' lang='lat' dir='ltr'><strong>b)</strong></span> 
     </span>
    </p>
   </div>
   <div class='ocr_carea' id='block_1_2' title="bbox 234 1440 1087 1562">
    <p class='ocr_par' dir='ltr' id='par_1_2' title="bbox 234 1440 1087 1562">
     <span class='ocr_line' id='line_1_2' title="bbox 234 1440 1087 1562; baseline 0.027 -47"><span class='ocrx_word' id='word_1_2' title='bbox 234 1440 384 1520; x_wconf 86' lang='lat' dir='ltr'><strong>Martini</strong></span> <span class='ocrx_word' id='word_1_3' title='bbox 407 1449 558 1525; x_wconf 86' lang='lat' dir='ltr'><strong>Lutheri</strong></span> <span class='ocrx_word' id='word_1_4' title='bbox 584 1455 630 1527; x_wconf 89' lang='lat' dir='ltr'><strong>ad</strong></span> <span class='ocrx_word' id='word_1_5' title='bbox 654 1455 700 1528; x_wconf 91' lang='lat' dir='ltr'><strong>N.</strong></span> <span class='ocrx_word' id='word_1_6' title='bbox 726 1460 890 1535; x_wconf 78' lang='lat' dir='ltr'><strong>Amicum</strong></span> <span class='ocrx_word' id='word_1_7' title='bbox 913 1464 1087 1562; x_wconf 75' lang='lat' dir='ltr'><strong>Epistola.</strong></span> 
     </span>
    </p>
   </div>
   <div class='ocr_carea' id='block_1_3' title="bbox 601 1654 745 1674">
    <p class='ocr_par' dir='ltr' id='par_1_3' title="bbox 601 1654 745 1674">
     <span class='ocr_line' id='line_1_3' title="bbox 601 1654 745 1674; baseline 0.014 -5"><span class='ocrx_word' id='word_1_8' title='bbox 601 1654 745 1674; x_wconf 44' lang='lat' dir='ltr'><em>Q</em></span> 
     </span>
    </p>
   </div>
   <div class='ocr_carea' id='block_1_4' title="bbox 134 1763 1177 4612">
    <p class='ocr_par' dir='ltr' id='par_1_4' title="bbox 134 1763 1177 4612">
     <span class='ocr_line' id='line_1_4' title="bbox 154 1763 1177 1890; baseline 0.021 -38"><span class='ocrx_word' id='word_1_9' title='bbox 154 1763 275 1859; x_wconf 81' lang='lat' dir='ltr'><strong>Gratia</strong></span> <span class='ocrx_word' id='word_1_10' title='bbox 303 1806 335 1857; x_wconf 83' lang='lat' dir='ltr'><strong>et</strong></span> <span class='ocrx_word' id='word_1_11' title='bbox 361 1819 424 1878; x_wconf 77' lang='lat' dir='ltr'><strong>pax</strong></span> <span class='ocrx_word' id='word_1_12' title='bbox 452 1800 486 1861; x_wconf 88' lang='lat' dir='ltr'><strong>in</strong></span> <span class='ocrx_word' id='word_1_13' title='bbox 517 1800 684 1865; x_wconf 83' lang='lat' dir='ltr'><strong>Domino!</strong></span> <span class='ocrx_word' id='word_1_14' title='bbox 728 1807 781 1869; x_wconf 90' lang='lat' dir='ltr'><strong>Tu</strong></span> <span class='ocrx_word' id='word_1_15' title='bbox 808 1808 930 1888; x_wconf 67' lang='lat' dir='ltr'><strong>potius,</strong></span> <span class='ocrx_word' id='word_1_16' title='bbox 966 1811 1083 1890; x_wconf 85' lang='lat' dir='ltr'><strong>optime</strong></span> <span class='ocrx_word' id='word_1_17' title='bbox 1103 1824 1177 1880; x_wconf 58' lang='lat' dir='ltr'><strong>NJ</strong></span> 
     </span>
     <span class='ocr_line' id='line_1_5' title="bbox 150 1907 1174 1992; baseline 0.021 -34"><span class='ocrx_word' id='word_1_18' title='bbox 150 1916 211 1978; x_wconf 79' lang='lat' dir='ltr'><strong>pro</strong></span> <span class='ocrx_word' id='word_1_19' title='bbox 231 1917 282 1959; x_wconf 88' lang='lat' dir='ltr'><strong>me</strong></span> <span class='ocrx_word' id='word_1_20' title='bbox 302 1919 373 1975; x_wconf 80' lang='lat' dir='ltr'><strong>ora,</strong></span> <span class='ocrx_word' id='word_1_21' title='bbox 410 1911 529 1983; x_wconf 77' lang='lat' dir='ltr'><strong>quanto</strong></span> <span class='ocrx_word' id='word_1_22' title='bbox 557 1912 593 1964; x_wconf 86' lang='lat' dir='ltr'><strong>lu</strong></span> <span class='ocrx_word' id='word_1_23' title='bbox 612 1925 697 1964; x_wconf 85' lang='lat' dir='ltr'><strong>nunc</strong></span> <span class='ocrx_word' id='word_1_24' title='bbox 725 1907 846 1982; x_wconf 79' lang='lat' dir='ltr'><strong>majore</strong></span> <span class='ocrx_word' id='word_1_25' title='bbox 871 1910 939 1970; x_wconf 89' lang='lat' dir='ltr'><strong>otio</strong></span> <span class='ocrx_word' id='word_1_26' title='bbox 968 1913 1104 1976; x_wconf 69' lang='lat' dir='ltr'><strong>(loliatus</strong></span> <span class='ocrx_word' id='word_1_27' title='bbox 1124 1938 1174 1992; x_wconf 87' lang='lat' dir='ltr'><strong>es,</strong></span> 
     </span>
     <span class='ocr_line' id='line_1_6' title="bbox 151 1997 1176 2083; baseline 0.02 -23"><span class='ocrx_word' id='word_1_28' title='bbox 151 2008 184 2060; x_wconf 84' lang='lat' dir='ltr'><strong>et</strong></span> <span class='ocrx_word' id='word_1_29' title='bbox 212 1997 328 2080; x_wconf 87' lang='lat' dir='ltr'><strong>pietate</strong></span> <span class='ocrx_word' id='word_1_30' title='bbox 354 2021 405 2063; x_wconf 86' lang='lat' dir='ltr'><strong>me</strong></span> <span class='ocrx_word' id='word_1_31' title='bbox 431 2021 572 2081; x_wconf 81' lang='lat' dir='ltr'><strong>superos.</strong></span> <span class='ocrx_word' id='word_1_32' title='bbox 635 2003 721 2083; x_wconf 83' lang='lat' dir='ltr'><strong>Opto</strong></span> <span class='ocrx_word' id='word_1_33' title='bbox 746 2029 821 2070; x_wconf 87' lang='lat' dir='ltr'><strong>sane</strong></span> <span class='ocrx_word' id='word_1_34' title='bbox 851 2021 882 2071; x_wconf 85' lang='lat' dir='ltr'><strong>et</strong></span> <span class='ocrx_word' id='word_1_35' title='bbox 911 2032 971 2072; x_wconf 88' lang='lat' dir='ltr'><strong>oro</strong></span> <span class='ocrx_word' id='word_1_36' title='bbox 997 2012 1176 2080; x_wconf 83' lang='lat' dir='ltr'><strong>Dominum</strong></span> 
     </span>
     <span class='ocr_line' id='line_1_7' title="bbox 148 2097 1175 2194; baseline 0.016 -32"><span class='ocrx_word' id='word_1_37' title='bbox 148 2097 277 2175; x_wconf 72' lang='lat' dir='ltr'><strong>lesum,</strong></span> <span class='ocrx_word' id='word_1_38' title='bbox 307 2111 342 2161; x_wconf 91' lang='lat' dir='ltr'><strong>ut</strong></span> <span class='ocrx_word' id='word_1_39' title='bbox 368 2100 442 2175; x_wconf 87' lang='lat' dir='ltr'><strong>tihi,</strong></span> <span class='ocrx_word' id='word_1_40' title='bbox 475 2103 564 2184; x_wconf 86' lang='lat' dir='ltr'><strong>quod</strong></span> <span class='ocrx_word' id='word_1_41' title='bbox 590 2103 686 2183; x_wconf 87' lang='lat' dir='ltr'><strong>petis,</strong></span> <span class='ocrx_word' id='word_1_42' title='bbox 716 2107 829 2190; x_wconf 77' lang='lat' dir='ltr'><strong>linguae</strong></span> <span class='ocrx_word' id='word_1_43' title='bbox 854 2110 974 2172; x_wconf 85' lang='lat' dir='ltr'><strong>donum</strong></span> <span class='ocrx_word' id='word_1_44' title='bbox 1000 2113 1175 2194; x_wconf 73' lang='lat' dir='ltr'><strong>inurertiot,</strong></span> 
     </span>
     <span class='ocr_line' id='line_1_8' title="bbox 147 2195 1176 2291; baseline 0.017 -30"><span class='ocrx_word' id='word_1_45' title='bbox 147 2195 182 2261; x_wconf 82' lang='lat' dir='ltr'><strong>iu</strong></span> <span class='ocrx_word' id='word_1_46' title='bbox 207 2199 331 2262; x_wconf 68' lang='lat' dir='ltr'><strong>laudem</strong></span> <span class='ocrx_word' id='word_1_47' title='bbox 350 2200 456 2282; x_wconf 72' lang='lat' dir='ltr'><strong>gratioe</strong></span> <span class='ocrx_word' id='word_1_48' title='bbox 474 2223 548 2264; x_wconf 77' lang='lat' dir='ltr'><strong>suae.</strong></span> <span class='ocrx_word' id='word_1_49' title='bbox 588 2203 761 2282; x_wconf 82' lang='lat' dir='ltr'><strong>Caeterum,</strong></span> <span class='ocrx_word' id='word_1_50' title='bbox 782 2210 870 2291; x_wconf 85' lang='lat' dir='ltr'><strong>quod</strong></span> <span class='ocrx_word' id='word_1_51' title='bbox 888 2210 1017 2284; x_wconf 86' lang='lat' dir='ltr'><strong>scribis,</strong></span> <span class='ocrx_word' id='word_1_52' title='bbox 1038 2234 1079 2276; x_wconf 84' lang='lat' dir='ltr'><strong>ue</strong></span> <span class='ocrx_word' id='word_1_53' title='bbox 1098 2217 1176 2279; x_wconf 84' lang='lat' dir='ltr'><strong>irri-</strong></span> 
     </span>
     <span class='ocr_line' id='line_1_9' title="bbox 147 2300 1173 2395; baseline 0.016 -32"><span class='ocrx_word' id='word_1_54' title='bbox 147 2312 197 2364; x_wconf 87' lang='lat' dir='ltr'><strong>ter</strong></span> <span class='ocrx_word' id='word_1_55' title='bbox 221 2300 256 2363; x_wconf 87' lang='lat' dir='ltr'><strong>in</strong></span> <span class='ocrx_word' id='word_1_56' title='bbox 287 2312 478 2380; x_wconf 80' lang='lat' dir='ltr'><strong>Erasmum,</strong></span> <span class='ocrx_word' id='word_1_57' title='bbox 508 2315 581 2368; x_wconf 79' lang='lat' dir='ltr'><strong>aute</strong></span> <span class='ocrx_word' id='word_1_58' title='bbox 608 2307 804 2387; x_wconf 81' lang='lat' dir='ltr'><strong>impetratum</strong></span> <span class='ocrx_word' id='word_1_59' title='bbox 832 2322 879 2371; x_wconf 90' lang='lat' dir='ltr'><strong>est</strong></span> <span class='ocrx_word' id='word_1_60' title='bbox 914 2315 1005 2394; x_wconf 86' lang='lat' dir='ltr'><strong>quod</strong></span> <span class='ocrx_word' id='word_1_61' title='bbox 1033 2320 1173 2395; x_wconf 79' lang='lat' dir='ltr'><strong>rogasti.</strong></span> 
     </span>
     <span class='ocr_line' id='line_1_10' title="bbox 145 2404 1169 2489; baseline 0.016 -24"><span class='ocrx_word' id='word_1_62' title='bbox 145 2404 305 2486; x_wconf 79' lang='lat' dir='ltr'>Equidem</span> <span class='ocrx_word' id='word_1_63' title='bbox 325 2418 495 2470; x_wconf 75' lang='lat' dir='ltr'><strong>liuttenum</strong></span> <span class='ocrx_word' id='word_1_64' title='bbox 522 2409 637 2469; x_wconf 87' lang='lat' dir='ltr'><strong>nollem</strong></span> <span class='ocrx_word' id='word_1_65' title='bbox 669 2412 903 2489; x_wconf 77' lang='lat' dir='ltr'><strong>expostulasse,</strong></span> <span class='ocrx_word' id='word_1_66' title='bbox 936 2416 1034 2474; x_wconf 74' lang='lat' dir='ltr'><strong>mirlto</strong></span> <span class='ocrx_word' id='word_1_67' title='bbox 1061 2417 1169 2481; x_wconf 87' lang='lat' dir='ltr'><strong>minus</strong></span> 
     </span>
     <span class='ocr_line' id='line_1_11' title="bbox 144 2506 1169 2597; baseline 0.012 -29"><span class='ocrx_word' id='word_1_68' title='bbox 144 2506 310 2568; x_wconf 80' lang='lat' dir='ltr'><strong>Erasmum</strong></span> <span class='ocrx_word' id='word_1_69' title='bbox 335 2507 532 2570; x_wconf 78' lang='lat' dir='ltr'><strong>abstersisse.</strong></span> <span class='ocrx_word' id='word_1_70' title='bbox 581 2506 615 2570; x_wconf 91' lang='lat' dir='ltr'><strong>Si</strong></span> <span class='ocrx_word' id='word_1_71' title='bbox 644 2509 704 2570; x_wconf 88' lang='lat' dir='ltr'><strong>hoo</strong></span> <span class='ocrx_word' id='word_1_72' title='bbox 732 2521 780 2572; x_wconf 88' lang='lat' dir='ltr'><strong>est</strong></span> <span class='ocrx_word' id='word_1_73' title='bbox 810 2512 950 2592; x_wconf 75' lang='lat' dir='ltr'>Spongia</span> <span class='ocrx_word' id='word_1_74' title='bbox 969 2514 1169 2597; x_wconf 77' lang='lat' dir='ltr'><strong>abstergere,</strong></span> 
     </span>
     <span class='ocr_line' id='line_1_12' title="bbox 143 2602 1170 2692; baseline 0.01 -22"><span class='ocrx_word' id='word_1_75' title='bbox 143 2624 244 2690; x_wconf 75' lang='lat' dir='ltr'><strong>rogos</strong></span> <span class='ocrx_word' id='word_1_76' title='bbox 264 2608 407 2692; x_wconf 82' lang='lat' dir='ltr'><strong>quidest</strong></span> <span class='ocrx_word' id='word_1_77' title='bbox 423 2610 609 2672; x_wconf 76' lang='lat' dir='ltr'><strong>maledicere</strong></span> <span class='ocrx_word' id='word_1_78' title='bbox 625 2619 656 2669; x_wconf 88' lang='lat' dir='ltr'><strong>et</strong></span> <span class='ocrx_word' id='word_1_79' title='bbox 670 2609 863 2672; x_wconf 81' lang='lat' dir='ltr'><strong>conviciari?</strong></span> <span class='ocrx_word' id='word_1_80' title='bbox 889 2602 1026 2674; x_wconf 83' lang='lat' dir='ltr'><strong>Prorsus</strong></span> <span class='ocrx_word' id='word_1_81' title='bbox 1047 2615 1170 2680; x_wconf 77' lang='lat' dir='ltr'><strong>srusua</strong></span> 
     </span>
     <span class='ocr_line' id='line_1_13' title="bbox 143 2709 1167 2797; baseline 0.009 -26"><span class='ocrx_word' id='word_1_82' title='bbox 143 2722 248 2791; x_wconf 73' lang='lat' dir='ltr'><strong>sperat</strong></span> <span class='ocrx_word' id='word_1_83' title='bbox 278 2713 427 2774; x_wconf 75' lang='lat' dir='ltr'><strong>Erasmus</strong></span> <span class='ocrx_word' id='word_1_84' title='bbox 462 2730 519 2773; x_wconf 81' lang='lat' dir='ltr'><strong>sua</strong></span> <span class='ocrx_word' id='word_1_85' title='bbox 546 2709 703 2783; x_wconf 77' lang='lat' dir='ltr'><strong>rhetorico</strong></span> <span class='ocrx_word' id='word_1_86' title='bbox 744 2710 790 2773; x_wconf 89' lang='lat' dir='ltr'><strong>sic</strong></span> <span class='ocrx_word' id='word_1_87' title='bbox 834 2709 979 2774; x_wconf 87' lang='lat' dir='ltr'><strong>omuibus</strong></span> <span class='ocrx_word' id='word_1_88' title='bbox 1026 2716 1167 2797; x_wconf 80' lang='lat' dir='ltr'><strong>ingeniis</strong></span> 
     </span>
     <span class='ocr_line' id='line_1_14' title="bbox 142 2808 1168 2898; baseline 0.007 -25"><span class='ocrx_word' id='word_1_89' title='bbox 142 2808 243 2888; x_wconf 78' lang='lat' dir='ltr'><strong>abuti,</strong></span> <span class='ocrx_word' id='word_1_90' title='bbox 272 2811 362 2895; x_wconf 87' lang='lat' dir='ltr'><strong>qussi</strong></span> <span class='ocrx_word' id='word_1_91' title='bbox 381 2833 476 2875; x_wconf 86' lang='lat' dir='ltr'><strong>nemo</strong></span> <span class='ocrx_word' id='word_1_92' title='bbox 506 2810 563 2887; x_wconf 88' lang='lat' dir='ltr'><strong>sit,</strong></span> <span class='ocrx_word' id='word_1_93' title='bbox 596 2811 661 2873; x_wconf 89' lang='lat' dir='ltr'><strong>imo</strong></span> <span class='ocrx_word' id='word_1_94' title='bbox 682 2812 771 2894; x_wconf 84' lang='lat' dir='ltr'>quasi</span> <span class='ocrx_word' id='word_1_95' title='bbox 790 2811 883 2893; x_wconf 84' lang='lat' dir='ltr'><strong>pauci</strong></span> <span class='ocrx_word' id='word_1_96' title='bbox 905 2814 984 2891; x_wconf 87' lang='lat' dir='ltr'><strong>sint,</strong></span> <span class='ocrx_word' id='word_1_97' title='bbox 1017 2816 1073 2898; x_wconf 84' lang='lat' dir='ltr'><strong>qui</strong></span> <span class='ocrx_word' id='word_1_98' title='bbox 1090 2839 1168 2880; x_wconf 86' lang='lat' dir='ltr'><strong>sen·</strong></span> 
     </span>
     <span class='ocr_line' id='line_1_15' title="bbox 141 2912 1165 2996; baseline 0.007 -22"><span class='ocrx_word' id='word_1_99' title='bbox 141 2913 235 2990; x_wconf 82' lang='lat' dir='ltr'><strong>liant,</strong></span> <span class='ocrx_word' id='word_1_100' title='bbox 264 2913 343 2996; x_wconf 66' lang='lat' dir='ltr'><strong>quiid</strong></span> <span class='ocrx_word' id='word_1_101' title='bbox 371 2916 431 2977; x_wconf 77' lang='lat' dir='ltr'><strong>alet</strong></span> <span class='ocrx_word' id='word_1_102' title='bbox 461 2917 622 2977; x_wconf 82' lang='lat' dir='ltr'><strong>Erasmus.</strong></span> <span class='ocrx_word' id='word_1_103' title='bbox 661 2912 694 2974; x_wconf 90' lang='lat' dir='ltr'><strong>Si</strong></span> <span class='ocrx_word' id='word_1_104' title='bbox 713 2913 758 2973; x_wconf 86' lang='lat' dir='ltr'><strong>sic</strong></span> <span class='ocrx_word' id='word_1_105' title='bbox 784 2934 844 2992; x_wconf 85' lang='lat' dir='ltr'><strong>pro</strong></span> <span class='ocrx_word' id='word_1_106' title='bbox 868 2935 904 2976; x_wconf 88' lang='lat' dir='ltr'><strong>se</strong></span> <span class='ocrx_word' id='word_1_107' title='bbox 931 2916 1038 2976; x_wconf 83' lang='lat' dir='ltr'><strong>scribit</strong></span> <span class='ocrx_word' id='word_1_108' title='bbox 1067 2918 1165 2981; x_wconf 83' lang='lat' dir='ltr'><strong>Eras-</strong></span> 
     </span>
     <span class='ocr_line' id='line_1_16' title="bbox 140 3013 1164 3094; baseline 0.006 -19"><span class='ocrx_word' id='word_1_109' title='bbox 140 3033 228 3089; x_wconf 72' lang='lat' dir='ltr'><strong>mus,</strong></span> <span class='ocrx_word' id='word_1_110' title='bbox 248 3015 418 3094; x_wconf 72' lang='lat' dir='ltr'><strong>optabilius</strong></span> <span class='ocrx_word' id='word_1_111' title='bbox 437 3026 503 3090; x_wconf 86' lang='lat' dir='ltr'><strong>est,</strong></span> <span class='ocrx_word' id='word_1_112' title='bbox 535 3025 573 3076; x_wconf 85' lang='lat' dir='ltr'><strong>ut</strong></span> <span class='ocrx_word' id='word_1_113' title='bbox 593 3024 702 3076; x_wconf 85' lang='lat' dir='ltr'><strong>contra</strong></span> <span class='ocrx_word' id='word_1_114' title='bbox 722 3034 757 3076; x_wconf 87' lang='lat' dir='ltr'><strong>se</strong></span> <span class='ocrx_word' id='word_1_115' title='bbox 777 3013 901 3076; x_wconf 84' lang='lat' dir='ltr'><strong>scribat.</strong></span> <span class='ocrx_word' id='word_1_116' title='bbox 939 3016 1164 3082; x_wconf 75' lang='lat' dir='ltr'><strong>liicrutlibilem</strong></span> 
     </span>
     <span class='ocr_line' id='line_1_17' title="bbox 141 3113 1160 3197; baseline 0.006 -24"><span class='ocrx_word' id='word_1_117' title='bbox 141 3113 224 3174; x_wconf 86' lang='lat' dir='ltr'><strong>onim</strong></span> <span class='ocrx_word' id='word_1_118' title='bbox 246 3125 277 3174; x_wconf 86' lang='lat' dir='ltr'><strong>ot</strong></span> <span class='ocrx_word' id='word_1_119' title='bbox 297 3116 432 3176; x_wconf 84' lang='lat' dir='ltr'><strong>nominis</strong></span> <span class='ocrx_word' id='word_1_120' title='bbox 459 3126 491 3178; x_wconf 86' lang='lat' dir='ltr'><strong>et</strong></span> <span class='ocrx_word' id='word_1_121' title='bbox 520 3114 693 3178; x_wconf 77' lang='lat' dir='ltr'><strong>autoritatis</strong></span> <span class='ocrx_word' id='word_1_122' title='bbox 713 3114 863 3194; x_wconf 77' lang='lat' dir='ltr'><strong>jaettuam</strong></span> <span class='ocrx_word' id='word_1_123' title='bbox 881 3115 957 3178; x_wconf 83' lang='lat' dir='ltr'><strong>feeit</strong></span> <span class='ocrx_word' id='word_1_124' title='bbox 983 3120 1043 3179; x_wconf 87' lang='lat' dir='ltr'><strong>hoc</strong></span> <span class='ocrx_word' id='word_1_125' title='bbox 1062 3119 1160 3197; x_wconf 87' lang='lat' dir='ltr'><strong>libro,</strong></span> 
     </span>
     <span class='ocr_line' id='line_1_18' title="bbox 140 3215 1163 3301; baseline 0.006 -24"><span class='ocrx_word' id='word_1_126' title='bbox 140 3226 176 3278; x_wconf 87' lang='lat' dir='ltr'><strong>ut</strong></span> <span class='ocrx_word' id='word_1_127' title='bbox 196 3235 246 3275; x_wconf 79' lang='lat' dir='ltr'><strong>nio</strong></span> <span class='ocrx_word' id='word_1_128' title='bbox 266 3216 356 3294; x_wconf 86' lang='lat' dir='ltr'><strong>plano</strong></span> <span class='ocrx_word' id='word_1_129' title='bbox 375 3215 508 3277; x_wconf 88' lang='lat' dir='ltr'><strong>hominis</strong></span> <span class='ocrx_word' id='word_1_130' title='bbox 527 3216 692 3291; x_wconf 85' lang='lat' dir='ltr'><strong>misereat,</strong></span> <span class='ocrx_word' id='word_1_131' title='bbox 714 3217 770 3299; x_wconf 85' lang='lat' dir='ltr'><strong>qui</strong></span> <span class='ocrx_word' id='word_1_132' title='bbox 790 3216 829 3277; x_wconf 88' lang='lat' dir='ltr'><strong>ad</strong></span> <span class='ocrx_word' id='word_1_133' title='bbox 850 3237 974 3278; x_wconf 88' lang='lat' dir='ltr'><strong>causam</strong></span> <span class='ocrx_word' id='word_1_134' title='bbox 996 3240 1163 3301; x_wconf 86' lang='lat' dir='ltr'><strong>uunquam</strong></span> 
     </span>
     <span class='ocr_line' id='line_1_19' title="bbox 141 3315 1160 3397; baseline 0.004 -19"><span class='ocrx_word' id='word_1_135' title='bbox 141 3315 275 3391; x_wconf 83' lang='lat' dir='ltr'><strong>accedit,</strong></span> <span class='ocrx_word' id='word_1_136' title='bbox 306 3327 338 3374; x_wconf 85' lang='lat' dir='ltr'><strong>et</strong></span> <span class='ocrx_word' id='word_1_137' title='bbox 367 3315 412 3376; x_wconf 86' lang='lat' dir='ltr'><strong>sic</strong></span> <span class='ocrx_word' id='word_1_138' title='bbox 442 3316 475 3377; x_wconf 88' lang='lat' dir='ltr'><strong>in</strong></span> <span class='ocrx_word' id='word_1_139' title='bbox 494 3315 569 3376; x_wconf 74' lang='lat' dir='ltr'><strong>vitia</strong></span> <span class='ocrx_word' id='word_1_140' title='bbox 589 3316 760 3379; x_wconf 80' lang='lat' dir='ltr'><strong>amicorum</strong></span> <span class='ocrx_word' id='word_1_141' title='bbox 789 3317 852 3394; x_wconf 81' lang='lat' dir='ltr'><strong>jam</strong></span> <span class='ocrx_word' id='word_1_142' title='bbox 881 3320 1024 3379; x_wconf 83' lang='lat' dir='ltr'><strong>secundo</strong></span> <span class='ocrx_word' id='word_1_143' title='bbox 1058 3320 1160 3397; x_wconf 72' lang='lat' dir='ltr'><strong>saevit,</strong></span> 
     </span>
     <span class='ocr_line' id='line_1_20' title="bbox 140 3418 1159 3501; baseline 0 -21"><span class='ocrx_word' id='word_1_144' title='bbox 140 3441 212 3480; x_wconf 88' lang='lat' dir='ltr'><strong>cum</strong></span> <span class='ocrx_word' id='word_1_145' title='bbox 245 3419 276 3480; x_wconf 89' lang='lat' dir='ltr'><strong>iu</strong></span> <span class='ocrx_word' id='word_1_146' title='bbox 305 3429 403 3483; x_wconf 78' lang='lat' dir='ltr'><strong>Loum</strong></span> <span class='ocrx_word' id='word_1_147' title='bbox 428 3421 548 3480; x_wconf 86' lang='lat' dir='ltr'><strong>hostem</strong></span> <span class='ocrx_word' id='word_1_148' title='bbox 573 3418 669 3479; x_wconf 84' lang='lat' dir='ltr'><strong>suerit</strong></span> <span class='ocrx_word' id='word_1_149' title='bbox 695 3430 756 3480; x_wconf 88' lang='lat' dir='ltr'><strong>lam</strong></span> <span class='ocrx_word' id='word_1_150' title='bbox 784 3418 879 3493; x_wconf 85' lang='lat' dir='ltr'><strong>leuis,</strong></span> <span class='ocrx_word' id='word_1_151' title='bbox 920 3431 951 3479; x_wconf 85' lang='lat' dir='ltr'><strong>et</strong></span> <span class='ocrx_word' id='word_1_152' title='bbox 988 3420 1055 3501; x_wconf 84' lang='lat' dir='ltr'><strong>ipso</strong></span> <span class='ocrx_word' id='word_1_153' title='bbox 1084 3422 1159 3481; x_wconf 85' lang='lat' dir='ltr'><strong>alias</strong></span> 
     </span>
     <span class='ocr_line' id='line_1_21' title="bbox 139 3519 1157 3583; baseline 0.001 -1"><span class='ocrx_word' id='word_1_154' title='bbox 139 3542 248 3583; x_wconf 77' lang='lat' dir='ltr'><strong>omnes</strong></span> <span class='ocrx_word' id='word_1_155' title='bbox 264 3543 282 3582; x_wconf 89' lang='lat' dir='ltr'><strong>a</strong></span> <span class='ocrx_word' id='word_1_156' title='bbox 300 3521 515 3583; x_wconf 84' lang='lat' dir='ltr'><strong>maledicendo</strong></span> <span class='ocrx_word' id='word_1_157' title='bbox 536 3520 627 3582; x_wconf 84' lang='lat' dir='ltr'><strong>etiarn</strong></span> <span class='ocrx_word' id='word_1_158' title='bbox 648 3519 789 3581; x_wconf 83' lang='lat' dir='ltr'><strong>inimicos</strong></span> <span class='ocrx_word' id='word_1_159' title='bbox 806 3521 991 3583; x_wconf 86' lang='lat' dir='ltr'><strong>dehortatur</strong></span> <span class='ocrx_word' id='word_1_160' title='bbox 1011 3543 1047 3583; x_wconf 89' lang='lat' dir='ltr'><strong>ae</strong></span> <span class='ocrx_word' id='word_1_161' title='bbox 1064 3523 1157 3583; x_wconf 76' lang='lat' dir='ltr'><strong>valdo</strong></span> 
     </span>
     <span class='ocr_line' id='line_1_22' title="bbox 138 3612 1157 3702; baseline 0 -18"><span class='ocrx_word' id='word_1_162' title='bbox 138 3624 319 3684; x_wconf 87' lang='lat' dir='ltr'><strong>detestatur.</strong></span> <span class='ocrx_word' id='word_1_163' title='bbox 369 3623 440 3701; x_wconf 77' lang='lat' dir='ltr'><strong>Ego</strong></span> <span class='ocrx_word' id='word_1_164' title='bbox 471 3641 594 3699; x_wconf 85' lang='lat' dir='ltr'><strong>sempor</strong></span> <span class='ocrx_word' id='word_1_165' title='bbox 622 3641 744 3683; x_wconf 85' lang='lat' dir='ltr'><strong>causam</strong></span> <span class='ocrx_word' id='word_1_166' title='bbox 776 3620 941 3701; x_wconf 75' lang='lat' dir='ltr'><strong>expectavi</strong></span> <span class='ocrx_word' id='word_1_167' title='bbox 971 3631 1005 3683; x_wconf 89' lang='lat' dir='ltr'><strong>ut</strong></span> <span class='ocrx_word' id='word_1_168' title='bbox 1036 3612 1157 3702; x_wconf 81' lang='lat' dir='ltr'><strong>ageret.</strong></span> 
     </span>
     <span class='ocr_line' id='line_1_23' title="bbox 137 3719 1159 3787; baseline 0.003 -3"><span class='ocrx_word' id='word_1_169' title='bbox 137 3723 175 3785; x_wconf 88' lang='lat' dir='ltr'><strong>In</strong></span> <span class='ocrx_word' id='word_1_170' title='bbox 199 3743 302 3784; x_wconf 86' lang='lat' dir='ltr'><strong>mores</strong></span> <span class='ocrx_word' id='word_1_171' title='bbox 323 3722 414 3783; x_wconf 83' lang='lat' dir='ltr'><strong>facile</strong></span> <span class='ocrx_word' id='word_1_172' title='bbox 434 3732 482 3783; x_wconf 88' lang='lat' dir='ltr'><strong>est</strong></span> <span class='ocrx_word' id='word_1_173' title='bbox 502 3719 696 3783; x_wconf 84' lang='lat' dir='ltr'><strong>rhetoricari.</strong></span> <span class='ocrx_word' id='word_1_174' title='bbox 739 3722 844 3783; x_wconf 84' lang='lat' dir='ltr'><strong>Porro</strong></span> <span class='ocrx_word' id='word_1_175' title='bbox 866 3721 949 3784; x_wconf 87' lang='lat' dir='ltr'><strong>edila</strong></span> <span class='ocrx_word' id='word_1_176' title='bbox 970 3733 1066 3783; x_wconf 85' lang='lat' dir='ltr'><strong>estet</strong></span> <span class='ocrx_word' id='word_1_177' title='bbox 1087 3744 1159 3787; x_wconf 79' lang='lat' dir='ltr'><strong>mea</strong></span> 
     </span>
     <span class='ocr_line' id='line_1_24' title="bbox 137 3796 1156 3905; baseline 0 -19"><span class='ocrx_word' id='word_1_178' title='bbox 137 3824 267 3905; x_wconf 86' lang='lat' dir='ltr'><strong>epistola</strong></span> <span class='ocrx_word' id='word_1_179' title='bbox 299 3824 339 3885; x_wconf 87' lang='lat' dir='ltr'><strong>do</strong></span> <span class='ocrx_word' id='word_1_180' title='bbox 370 3825 501 3884; x_wconf 87' lang='lat' dir='ltr'><strong>Erasmo</strong></span> <span class='ocrx_word' id='word_1_181' title='bbox 533 3821 677 3901; x_wconf 82' lang='lat' dir='ltr'><strong>privatim</strong></span> <span class='ocrx_word' id='word_1_182' title='bbox 703 3821 834 3902; x_wconf 84' lang='lat' dir='ltr'><strong>scripta,</strong></span> <span class='ocrx_word' id='word_1_183' title='bbox 874 3822 989 3884; x_wconf 84' lang='lat' dir='ltr'><strong>deiude</strong></span> <span class='ocrx_word' id='word_1_184' title='bbox 1024 3823 1083 3883; x_wconf 81' lang='lat' dir='ltr'><strong>alia</strong></span> <span class='ocrx_word' id='word_1_185' title='bbox 1112 3796 1156 3886; x_wconf 69' lang='lat' dir='ltr'><strong>ati</strong></span> 
     </span>
     <span class='ocr_line' id='line_1_25' title="bbox 137 3923 1157 4006; baseline -0.002 -17"><span class='ocrx_word' id='word_1_186' title='bbox 137 3933 340 4002; x_wconf 75' lang='lat' dir='ltr'><strong>Fabricium,</strong></span> <span class='ocrx_word' id='word_1_187' title='bbox 360 3924 447 4006; x_wconf 89' lang='lat' dir='ltr'><strong>quod</strong></span> <span class='ocrx_word' id='word_1_188' title='bbox 464 3943 512 3984; x_wconf 89' lang='lat' dir='ltr'><strong>me</strong></span> <span class='ocrx_word' id='word_1_189' title='bbox 529 3924 731 3984; x_wconf 81' lang='lat' dir='ltr'><strong>vehomenter</strong></span> <span class='ocrx_word' id='word_1_190' title='bbox 750 3925 827 3984; x_wconf 67' lang='lat' dir='ltr'><strong>rurale</strong></span> <span class='ocrx_word' id='word_1_191' title='bbox 843 3923 945 3997; x_wconf 85' lang='lat' dir='ltr'><strong>habet,</strong></span> <span class='ocrx_word' id='word_1_192' title='bbox 964 3946 1157 4006; x_wconf 77' lang='lat' dir='ltr'><strong>qiramquam</strong></span> 
     </span>
     <span class='ocr_line' id='line_1_26' title="bbox 134 4023 1152 4104; baseline -0.001 -16"><span class='ocrx_word' id='word_1_193' title='bbox 134 4027 250 4088; x_wconf 80' lang='lat' dir='ltr'><strong>nullius</strong></span> <span class='ocrx_word' id='word_1_194' title='bbox 279 4025 370 4087; x_wconf 82' lang='lat' dir='ltr'><strong>verbi</strong></span> <span class='ocrx_word' id='word_1_195' title='bbox 399 4045 447 4085; x_wconf 86' lang='lat' dir='ltr'><strong>me</strong></span> <span class='ocrx_word' id='word_1_196' title='bbox 476 4023 603 4104; x_wconf 85' lang='lat' dir='ltr'><strong>pudeat;</strong></span> <span class='ocrx_word' id='word_1_197' title='bbox 648 4023 675 4084; x_wconf 91' lang='lat' dir='ltr'><strong>si</strong></span> <span class='ocrx_word' id='word_1_198' title='bbox 704 4025 802 4104; x_wconf 85' lang='lat' dir='ltr'><strong>palam</strong></span> <span class='ocrx_word' id='word_1_199' title='bbox 834 4023 873 4084; x_wconf 88' lang='lat' dir='ltr'><strong>sit</strong></span> <span class='ocrx_word' id='word_1_200' title='bbox 903 4024 1152 4101; x_wconf 75' lang='lat' dir='ltr'><strong>del&#39;errdrrulum,</strong></span> 
     </span>
     <span class='ocr_line' id='line_1_27' title="bbox 135 4124 1154 4212; baseline -0.002 -22"><span class='ocrx_word' id='word_1_201' title='bbox 135 4129 223 4212; x_wconf 81' lang='lat' dir='ltr'><strong>piget</strong></span> <span class='ocrx_word' id='word_1_202' title='bbox 248 4140 349 4189; x_wconf 85' lang='lat' dir='ltr'><strong>tamon</strong></span> <span class='ocrx_word' id='word_1_203' title='bbox 377 4125 501 4205; x_wconf 86' lang='lat' dir='ltr'><strong>publica</strong></span> <span class='ocrx_word' id='word_1_204' title='bbox 528 4124 597 4186; x_wconf 82' lang='lat' dir='ltr'><strong>fleri</strong></span> <span class='ocrx_word' id='word_1_205' title='bbox 616 4146 673 4205; x_wconf 89' lang='lat' dir='ltr'><strong>per</strong></span> <span class='ocrx_word' id='word_1_206' title='bbox 694 4124 892 4205; x_wconf 84' lang='lat' dir='ltr'><strong>importunos</strong></span> <span class='ocrx_word' id='word_1_207' title='bbox 923 4126 998 4188; x_wconf 88' lang='lat' dir='ltr'><strong>istos</strong></span> <span class='ocrx_word' id='word_1_208' title='bbox 1030 4127 1154 4202; x_wconf 79' lang='lat' dir='ltr'><strong>(nescio</strong></span> 
     </span>
     <span class='ocr_line' id='line_1_28' title="bbox 135 4226 1154 4313; baseline -0.003 -22"><span class='ocrx_word' id='word_1_209' title='bbox 135 4250 231 4313; x_wconf 87' lang='lat' dir='ltr'><strong>quem</strong></span> <span class='ocrx_word' id='word_1_210' title='bbox 251 4226 399 4300; x_wconf 81' lang='lat' dir='ltr'><strong>vocem?)</strong></span> <span class='ocrx_word' id='word_1_211' title='bbox 420 4227 592 4300; x_wconf 86' lang='lat' dir='ltr'><strong>dolatores,</strong></span> <span class='ocrx_word' id='word_1_212' title='bbox 615 4247 683 4307; x_wconf 85' lang='lat' dir='ltr'><strong>quae</strong></span> <span class='ocrx_word' id='word_1_213' title='bbox 702 4226 846 4304; x_wconf 85' lang='lat' dir='ltr'><strong>privatim</strong></span> <span class='ocrx_word' id='word_1_214' title='bbox 859 4227 995 4288; x_wconf 84' lang='lat' dir='ltr'><strong>amiculis</strong></span> <span class='ocrx_word' id='word_1_215' title='bbox 1010 4228 1154 4289; x_wconf 83' lang='lat' dir='ltr'><strong>scribun-</strong></span> 
     </span>
     <span class='ocr_line' id='line_1_29' title="bbox 136 4326 1154 4406; baseline -0.001 -15"><span class='ocrx_word' id='word_1_216' title='bbox 136 4341 200 4392; x_wconf 83' lang='lat' dir='ltr'><strong>tur.</strong></span> <span class='ocrx_word' id='word_1_217' title='bbox 238 4329 343 4390; x_wconf 88' lang='lat' dir='ltr'><strong>Porro</strong></span> <span class='ocrx_word' id='word_1_218' title='bbox 369 4327 443 4389; x_wconf 84' lang='lat' dir='ltr'><strong>milri</strong></span> <span class='ocrx_word' id='word_1_219' title='bbox 463 4326 585 4389; x_wconf 86' lang='lat' dir='ltr'><strong>Erasmi</strong></span> <span class='ocrx_word' id='word_1_220' title='bbox 611 4326 757 4406; x_wconf 83' lang='lat' dir='ltr'><strong>scriptio,</strong></span> <span class='ocrx_word' id='word_1_221' title='bbox 786 4326 865 4388; x_wconf 89' lang='lat' dir='ltr'><strong>sicut</strong></span> <span class='ocrx_word' id='word_1_222' title='bbox 885 4327 958 4388; x_wconf 82' lang='lat' dir='ltr'><strong>nihil</strong></span> <span class='ocrx_word' id='word_1_223' title='bbox 988 4339 1099 4403; x_wconf 85' lang='lat' dir='ltr'><strong>nocet,</strong></span> <span class='ocrx_word' id='word_1_224' title='bbox 1127 4328 1154 4391; x_wconf 90' lang='lat' dir='ltr'><strong>si</strong></span> 
     </span>
     <span class='ocr_line' id='line_1_30' title="bbox 134 4429 1154 4510; baseline -0.001 -18"><span class='ocrx_word' id='word_1_225' title='bbox 134 4432 337 4506; x_wconf 83' lang='lat' dir='ltr'><strong>adversetur,</strong></span> <span class='ocrx_word' id='word_1_226' title='bbox 367 4429 408 4490; x_wconf 88' lang='lat' dir='ltr'><strong>ila</strong></span> <span class='ocrx_word' id='word_1_227' title='bbox 438 4429 513 4490; x_wconf 80' lang='lat' dir='ltr'><strong>nillil</strong></span> <span class='ocrx_word' id='word_1_228' title='bbox 540 4430 637 4510; x_wconf 84' lang='lat' dir='ltr'><strong>magis</strong></span> <span class='ocrx_word' id='word_1_229' title='bbox 665 4429 838 4500; x_wconf 81' lang='lat' dir='ltr'><strong>confidam,</strong></span> <span class='ocrx_word' id='word_1_230' title='bbox 871 4429 897 4489; x_wconf 89' lang='lat' dir='ltr'><strong>si</strong></span> <span class='ocrx_word' id='word_1_231' title='bbox 924 4429 1154 4509; x_wconf 75' lang='lat' dir='ltr'><strong>patrocinetur.</strong></span> 
     </span>
     <span class='ocr_line' id='line_1_31' title="bbox 134 4528 1152 4612; baseline -0.003 -18"><span class='ocrx_word' id='word_1_232' title='bbox 134 4534 207 4612; x_wconf 82' lang='lat' dir='ltr'><strong>Ego</strong></span> <span class='ocrx_word' id='word_1_233' title='bbox 228 4531 345 4608; x_wconf 86' lang='lat' dir='ltr'><strong>habco,</strong></span> <span class='ocrx_word' id='word_1_234' title='bbox 368 4530 423 4612; x_wconf 88' lang='lat' dir='ltr'><strong>qui</strong></span> <span class='ocrx_word' id='word_1_235' title='bbox 442 4550 567 4592; x_wconf 86' lang='lat' dir='ltr'><strong>causam</strong></span> <span class='ocrx_word' id='word_1_236' title='bbox 587 4530 753 4605; x_wconf 78' lang='lat' dir='ltr'><strong>defendat,</strong></span> <span class='ocrx_word' id='word_1_237' title='bbox 773 4528 893 4591; x_wconf 81' lang='lat' dir='ltr'><strong>etiamsi</strong></span> <span class='ocrx_word' id='word_1_238' title='bbox 908 4541 992 4591; x_wconf 87' lang='lat' dir='ltr'><strong>totus</strong></span> <span class='ocrx_word' id='word_1_239' title='bbox 1013 4530 1152 4592; x_wconf 85' lang='lat' dir='ltr'><strong>mundus</strong></span> 
     </span>
    </p>
   </div>
   <div class='ocr_carea' id='block_1_5' title="bbox 0 0 1314 5108">
    <p class='ocr_par' dir='ltr' id='par_1_5' title="bbox 0 0 1314 5108">
     <span class='ocr_line' id='line_1_32' title="bbox 0 0 1314 5108; baseline 0 7"><span class='ocrx_word' id='word_1_240' title='bbox 0 0 1314 5108; x_wconf 95' lang='lat' dir='ltr'><strong> </strong></span> 
     </span>
    </p>
   </div>
  </div>
 </body>
</html>
