2618 5108
613 125 914 318 ‘j
957 284 973 295 ο

365 852 408 928 ln
431 855 637 956 Lutherum
660 855 765 929 Bulla
788 853 939 932 Leonis.
1116 856 1165 929 m

136 1050 242 1110 foret:
274 1050 442 1125 volumus,
474 1061 515 1115 .et
542 1051 727 1132 Apostolica
759 1052 927 1116 autoritate
954 1050 1164 1125 decernimus,

141 1152 230 1234 quod
265 1169 378 1215 carum
416 1155 634 1235 transsumptis
662 1176 758 1216 manu
789 1153 908 1236 publici
943 1152 1059 1216 notarii
1089 1160 1169 1212 con-⁹

139 1254 230 1316 lectis
259 1272 296 1316 et
325 1253 526 1335 subscriptis,
566 1258 618 1317 vel
645 1257 677 1317 in
703 1257 781 1317 alma
817 1255 898 1318 urbe
920 1252 1100 1336 impressis,
1134 1261 1169 1313 et

135 1355 241 1436 sigillo
280 1354 415 1435 alicujus
450 1356 653 1419 ecclesiastici
693 1356 809 1438 praelnti
849 1356 996 1432 munitis,
1044 1353 1167 1437 ubique

135 1467 256 1531 stetur,
286 1468 321 1517 et
348 1458 440 1538 plena
460 1457 540 1520 tides
559 1458 761 1532 adhibeatur,
787 1468 882 1539 prout
903 1455 1109 1538 originalibus
1131 1453 1168 1515 li·

137 1558 212 1620 teris
246 1569 388 1619 staretur
415 1577 448 1621 et
483 1560 703 1633 adhiberetur,
746 1559 773 1620 si
799 1561 907 1622 forent
941 1557 1086 1619 exhibite
1116 1556 1169 1616 vel

136 1671 287 1720 ostensae.
327 1659 369 1720 Et
388 1680 429 1721 ne
451 1660 599 1739 praelatus
626 1660 802 1735 Martinus,
832 1680 1008 1743 omnesque
1034 1655 1086 1720 alii
1115 1677 1169 1718 su·

135 1760 289 1840 predicti,
323 1780 407 1842 quos
432 1772 603 1840 praesentes
641 1760 737 1824 litera
770 1782 835 1843 quo
855 1759 931 1822 libet
970 1767 1169 1822 concernunt

135 1860 351 1942 ignorantiam
370 1861 544 1924 earundem
570 1862 747 1936 literarum,
776 1873 807 1924 ct
828 1863 860 1924 in
880 1861 926 1924 eis
945 1870 1169 1923 contentorum

137 1962 281 2026 omnium
303 1973 335 2022 et
355 1961 554 2042 singulonrm
572 1965 768 2044 pretendere
788 1966 930 2039 valcant,
948 1963 1065 2025 litteras
1085 1959 1168 2041 ipsas

137 2065 170 2127 in
196 2062 335 2125 basilicae
367 2062 521 2146 principis
541 2064 780 2143 Apostolorum,
811 2076 844 2125 et
874 2063 1065 2126 cancellaria
1092 2079 1173 2146 apo·⁴

138 2164 275 2239 stolicis,
319 2184 381 2225 nec
413 2183 479 2225 non
512 2164 737 2228 cathedralium
772 2164 974 2228 ecclesiarum
1005 2164 1171 2226 Branden·

138 2265 365 2347 burgensium,
386 2265 599 2328 hlisncnsium
612 2277 643 2327 et
657 2267 956 2348 Miirspergensium
969 2264 1068 2327 valvis
1086 2261 1170 2345 affigi

139 2379 169 2426 et
187 2366 350 2446 publicari
362 2366 482 2429 debere
500 2366 675 2442 voluimus3
694 2369 930 2441 Decernentcs,
952 2366 1041 2450 qnod
1054 2384 1169 2426 earun-

140 2468 210 2530 dem
246 2467 412 2530 litcrerum
439 2467 610 2549 publicatio
638 2467 683 2530 sic
712 2469 795 2531 facta
814 2467 1029 2550 supradictum
1056 2466 1171 2529 Marti·

139 2589 232 2641 num,
265 2588 445 2653 omnesque
471 2567 548 2632 alios
578 2581 611 2632 et
635 2569 777 2652 singulos
797 2570 1058 2652 prenominatos,
1086 2586 1170 2651 qtros

140 2668 250 2732 litteras
270 2667 457 2748 hujusmodi
476 2671 637 2752 quoslibet
651 2682 862 2746 concernunt,
884 2671 1019 2751 perinde
1036 2679 1169 2745 arctant,

138 2789 174 2832 ec
191 2771 219 2832 si
247 2774 344 2833 literas
363 2771 438 2852 ipsas
457 2770 510 2834 die
529 2772 684 2836 affixionis
700 2783 733 2835 et
749 2771 970 2854 publicationis
987 2768 1170 2850 hujusmodi

140 2871 184 2933 eis
215 2872 430 2952 personaliter
451 2875 537 2934 lectae
563 2884 595 2936 et
621 2872 766 2936 intimata·
785 2871 908 2948 torem,
929 2892 1028 2958 quum
1045 2891 1111 2934 non
1130 2871 1170 2933 sit
1189 2888 1192 2894 ’

139 2974 330 3050 verisimile,
364 2975 454 3057 quod
476 2996 532 3050 ea,
567 2995 636 3058 quae
658 2985 721 3038 tam
741 2985 885 3056 patenter
911 2975 1007 3047 fiunt,
1033 2970 1171 3034 debeant

139 3076 223 3156 apud
245 3096 305 3136 eos
325 3073 489 3156 incognita
513 3077 726 3151 remaneres)
774 3076 848 3136 Non
875 3072 1069 3136 obstantibus
1090 3091 1168 3132 con·

138 3174 398 3250 stitutionibusb)
417 3185 449 3237 et
470 3175 720 3238 ordinationibus
747 3174 946 3257 apostolicis,
974 3194 1032 3237 seu
1060 3191 1172 3254 supra·

140 3276 233 3340 dictis
256 3275 406 3338 omnibus
427 3285 460 3336 et
484 3274 634 3358 singulis,
661 3278 712 3337 vel
739 3297 851 3339 eorum
872 3275 987 3350 alicui,
1019 3285 1073 3336 sut
1099 3273 1172 3358 qui·
1268 3291 1271 3296 ·

140 3375 252 3441 larsvis
278 3374 349 3439 aliis
377 3377 492 3440 asede
520 3375 692 3458 apostolica
720 3375 884 3459 praedicta,
913 3379 965 3438 vel
991 3375 1030 3438 ab
1055 3397 1093 3439 ea
1111 3395 1172 3457 po·

142 3487 286 3542 testatem
316 3476 524 3551 habentibus,
556 3477 618 3540 suh
649 3478 759 3562 quavis
786 3477 905 3552 forma,
934 3476 1025 3540 etiam
1044 3475 1172 3538 conlec-

142 3578 286 3656 tionalis,
309 3590 341 3640 et
362 3599 434 3641 cum
459 3579 649 3663 quibusvis,
681 3579 772 3641 etiam
791 3576 971 3640 fortissimis
990 3575 1182 3651 clausuliscl·

145 3691 194 3743 act
213 3701 257 3742 ex
277 3683 389 3764 quavis
420 3700 532 3757 causa,
564 3702 623 3745 seu
650 3677 761 3763 grandi
786 3677 1042 3740 consideratione
1068 3674 1172 3739 indul·

145 3794 227 3860 trun,
251 3784 304 3845 rel
323 3801 511 3857 concessum
539 3783 668 3859 existat,
703 3779 792 3864 qnod
819 3776 978 3855 interdici,
1006 3776 1170 3861 suspendi,

147 3928 372 3948 ——nn-n-

178 4043 207 4111 s)
226 4047 265 4100 At
284 4044 520 4114 cognoscimus,
546 4043 598 4098 scd
625 4060 688 4098 non
707 4042 908 4113 agnoscimus.
956 4042 1028 4097 llaec
1052 4040 1171 4095 tandem

214 4139 257 4184 est
273 4131 430 4186 hebetudo
448 4140 563 4184 nostra.

178 4221 210 4291 t)
230 4222 340 4278 Omnia
372 4221 541 4295 perrumpit
569 4221 633 4275 hoo
661 4221 793 4287 tulmen,
827 4221 942 4275 etiamsi
971 4217 1170 4292 apostolieum

212 4317 387 4379 opponatur
405 4307 486 4380 quid.
523 4309 621 4377 Atque
636 4305 678 4359 'ita
697 4305 832 4360 Satanam
850 4307 972 4376 expellit
991 4306 1120 4368 Satanas,
1138 4312 1171 4354 ut

211 4409 283 4464 spes
302 4394 340 4448 sit
360 4393 487 4448 divisum
508 4390 572 4460 ejus
591 4391 667 4442 intra
685 4407 717 4445 se
738 4408 882 4460 regnum,
901 4407 978 4446 mox
994 4388 1153 4448 ruiturum,

177 4483 207 4553 a)
222 4488 430 4545 Adamantinis
450 4485 507 4541 illis
523 4494 556 4579 ¹et
570 4483 695 4541 manmi
715 4483 831 4556 emptis.
