2618 5108
200 794 265 919 ¹dd
441 843 484 921 In
507 841 713 918 Lutherum
736 839 841 914 Bulla
866 840 1013 915 Leonis.

213 1036 266 1099 vel
284 1037 553 1101 excommunioni
579 1055 646 1099 non
678 1035 802 1124 pessint
828 1027 888 1116 p'er
916 1034 1020 1096 literas
1052 1034 1246 1115 apostolicas,

212 1156 281 1202 non
298 1138 453 1203 facientes
467 1138 596 1222 plenm
611 1147 643 1198 et
660 1155 861 1217 expressam,
880 1157 917 1198 ae
939 1136 981 1198 de
998 1135 1099 1198 verbo
1114 1137 1154 1199 ad
1174 1159 1248 1199 ver·

212 1237 303 1314 bum,
335 1260 403 1303 non
421 1249 527 1303 autern
546 1259 605 1320 per
624 1238 778 1301 clausulas
798 1240 963 1321 generales
988 1238 1021 1301 id
1040 1239 1247 1319 importantes

213 1339 255 1404 de
274 1340 400 1404 indulto
419 1338 601 1419 hujusmodi
621 1336 836 1415 mentionem,
856 1336 1001 1419 ejusdem
1021 1338 1135 1401 indulti
1154 1351 1249 1402 teno.

213 1461 282 1517 res,
301 1461 412 1507 causas
432 1455 466 1505 et
483 1440 601 1503 lormas
619 1439 751 1520 perinde
771 1439 854 1502 acsi
873 1440 914 1502 de
933 1439 1034 1502 uerbo
1055 1441 1248 1508 adverbum

212 1543 449 1613 insererentur.
470 1542 513 1604 ita
532 1555 568 1604 ut
587 1539 717 1603 omnino
735 1542 863 1604 tollatur
883 1541 1090 1623 praesentibus
1111 1564 1170 1623 pro
1190 1562 1249 1604 ex·

211 1641 330 1726 pressis
355 1643 518 1707 hebentes.
555 1641 642 1704 Nulli
660 1661 741 1722 ergo
761 1641 892 1704 omniuo
912 1642 1076 1706 bominum
1088 1645 1116 1719 a)
1141 1641 1247 1719 liceat,

211 1745 292 1809 bane
312 1743 459 1828 paginam
468 1744 496 1822 bl
524 1753 640 1807 nostre
660 1741 885 1819 nuntiationis,
915 1744 1167 1825 reprobationis,
1195 1766 1248 1809 re·

212 1845 379 1927 jectionis,
400 1846 539 1921 demeti,
559 1843 799 1921 declarationis,
828 1843 1041 1919 inhibitionis,
1063 1847 1247 1922 veluntatis,

210 1945 369 2022 mandati,
388 1945 595 2021 hortationis,
617 1945 862 2021 obsecrationis,
890 1946 1122 2029 requisitionis,
1143 1945 1248 2008 moui·

210 2049 330 2125 tionis,
350 2047 588 2131 assignationis,
616 2046 839 2121 concessonis,
859 2046 1149 2123 condemnationis,
1170 2047 1247 2110 sub-

211 2139 377 2227 iectionis,
420 2145 759 2212 excommunicationis
793 2162 827 2211 et
850 2146 1169 2210 anathematicationis
1197 2148 1247 2210 in·

211 2252 369 2332 fringens,
389 2253 443 2312 sel
462 2249 496 2312 ei
514 2271 594 2311 ausu
615 2249 785 2310 temerario
805 2248 975 2313 contraire.
1018 2248 1124 2330 Siquis
1140 2259 1248 2315 autent

211 2354 274 2416 hoc
295 2364 449 2416 attentare
466 2347 720 2432 praesumpserit,
747 2347 997 2431 indignationem
1018 2349 1246 2429 omnipotentis

115 2526 119 2538 ⁸
211 2454 275 2518 Dei
288 2452 316 2529 c)
338 2473 375 2515 ae
394 2453 560 2515 beatorum
580 2447 673 2513 Petri
699 2458 731 2508 et
749 2448 842 2511 Pauli
861 2451 1080 2529 apostolorum
1098 2449 1186 2530 ejus,
1209 2470 1247 2515 se

210 2555 337 2616 noverit
366 2554 578 2617 incursurum.
621 2550 741 2612 Datum
759 2551 869 2613 Rome
901 2551 987 2630 apud
1012 2562 1154 2614 sanctum
1182 2552 1247 2614 Ps-

210 2663 312 2730 trum,
333 2674 417 2716 anno
436 2650 661 2716 incarnationis
681 2650 847 2712 dominicae
867 2651 1032 2714 millesimo
1053 2652 1247 2735 quingente·

211 2753 293 2820 simo
312 2754 490 2838 vigesimo,
509 2751 786 2818 xv11.tta1endta
805 2751 900 2830 Julii,
919 2752 1129 2818 Pontificatus
1141 2753 1248 2819 nerui

210 2876 297 2920 mill)
317 2868 444 2920 oclaVO·

285 3008 375 3072 Visa.
415 3009 457 3073 R.
494 3008 762 3066 Milanesr'us.
814 3067 818 3075 ⁸

961 3161 1170 3240 Alberqatus.
1246 3194 1250 3219 -.

211 3302 439 3324 W

246 3391 276 3458 s)
295 3390 415 3446 Utinam
437 3405 546 3444 omnes
565 3391 718 3460 legantes
737 3391 916 3460 intelligant,
934 3401 967 3447 ut
979 3393 1074 3463 qualis
1087 3392 1125 3447 sit
1137 3391 1242 3463 arbor,

282 3493 323 3531 cx
342 3479 444 3532 fructu
465 3474 585 3530 arboris
602 3479 807 3548 pernoscant!
835 3478 903 3532 llos
929 3477 1064 3549 inprimis
1090 3487 1251 3549 optamus,

213 3614 216 3622 .
278 3561 431 3619 Decime!
459 3561 592 3616 Tantum
612 3561 714 3631 abest,
731 3572 764 3617 ut
782 3562 921 3631 refugere
940 3564 1004 3618 hoe
1022 3572 1107 3617 tuum
1128 3563 1254 3635 edictu-3

277 3648 340 3702 lum
356 3647 511 3702 volumus.
540 3645 582 3701 Sit
598 3647 662 3702 boc
677 3647 764 3716 igitur
779 3657 920 3704 anteactas
941 3648 1009 3703 vitas
1034 3647 1243 3704 testimonium

278 3732 345 3790 tibi.
382 3731 440 3787 llic
457 3741 487 3786 te
506 3731 596 3786 loetus
614 3731 735 3802 probet.

246 3824 277 3894 b)
297 3824 454 3879 Sexcentis
471 3823 647 3880 nominihus
666 3824 802 3881 inscribit
819 3826 877 3881 tale
895 3838 987 3880 suum
1002 3833 1116 3880 tantum
1135 3825 1243 3881 decre.

278 3918 342 3963 turn
360 3908 521 3964 Decimus.
1246 3924 1252 3929 ·

245 4002 275 4074 c)
297 4001 397 4077 Quam
422 4002 452 4057 in
477 4011 527 4056 tua
553 4019 645 4058 mann
669 4004 777 4060 habes.
822 4002 904 4060 Nam
929 4002 1000 4075 quid
1028 4004 1164 4060 omnium
1184 4011 1241 4071 est,

279 4088 362 4158 quod
394 4104 456 4142 non
487 4088 632 4156 arrogetis
661 4087 772 4157 vobis,
801 4088 993 4145 Pontifices?
1032 4088 1153 4164 Quibus
1181 4104 1241 4144 nos

233 4182 245 4225 ·.
278 4172 415 4226 vicissim
435 4189 506 4225 curn
536 4173 725 4227 'I'ertnlliano
755 4175 999 4245 respondemus:
1030 4174 1243 4242 „condamna.

278 4273 349 4314 mur
366 4274 384 4311 a
401 4256 507 4324 vobis,
526 4274 542 4312 a
561 4256 634 4312 Deo
653 4259 859 4320 absolvemur.
870 4260 885 4289 “
921 4262 992 4318 Hoc
1008 4276 1066 4316 nos
1087 4259 1222 4316 dirimat!

663 4476 784 4495 ῃ
