2618 5108
66 273 126 284 μυ...
195 71 526 281 μ-Μ.
564 257 583 268 .

697 372 701 385 Ι

318 771 494 854 adversut
516 767 754 870 adspergines
776 736 938 845 liutteni.
1059 766 1138 849 m

122 957 193 1027 slis!
222 965 393 1056 Nunquam
409 964 594 1027 simultatem
612 962 742 1027 exercui
761 982 833 1030 cum
853 984 911 1039 eo,
946 978 1137 1046 qm.m

122 1076 156 1125 et
174 1085 215 1125 ex
235 1066 339 1127 inimo
354 1067 451 1129 semel
467 1066 609 1141 amasim,
628 1075 798 1128 contentus
812 1065 967 1127 remisim
982 1061 1139 1126 smum.

123 1173 230 1227 tatem.
269 1167 374 1228 Atrox
400 1166 552 1248 flagitium
570 1166 610 1227 sit
630 1177 776 1247 oportet,
794 1167 893 1248 -quod
920 1165 1004 1246 apud
1022 1183 1073 1226 ms
1090 1161 1140 1225 (lit
1256 1243 1258 1249 y

123 1263 213 1326 rimat
226 1260 413 1327 amicitiam.
463 1265 609 1346 Exempli
634 1286 727 1328 carisa
753 1266 889 1328 relenrn
905 1283 1011 1326 -unum
1042 1274 1138 1346 atque

122 1368 255 1426 alterum
280 1385 394 1426 casum.
445 1368 529 1429 Anto
557 1386 654 1427 annos
674 1364 794 1448 aliquot
819 1365 1011 1445 scripseram:
1022 1361 1141 1442 episto·
1199 1442 1205 1457 .

124 1467 181 1526 tam
202 1468 240 1525 ad
260 1464 456 1527 Cardiuulem
468 1464 709 1546 illoguutinum,
730 1478 840 1529 contra
860 1468 1011 1529 clamores
1031 1463 1139 1524 'ruso

124 1567 269 1646 iugorum
290 1565 533 1629 Loraniensium
554 1568 585 1627 iu
605 1568 789 1630 bulherum.
839 1568 917 1628 Eam
936 1564 1016 1627 -misi
1034 1562 1141 1626 rustes

125 1665 304 1727 obvolutam
319 1686 388 1728 cum
402 1666 604 1748 inscriptione
621 1667 659 1728 ad
676 1666 857 1749 qiremdam‚
877 1664 1021 1751 quinulli
1034 1661 1142 1731 nouos

124 1778 172 1828 est
191 1761 282 1848 qrram
298 1768 457 1841 Hutteno,
478 1768 627 1829 mandans
647 1767 708 1843 itli,
725 1777 772 1842 ut,
791 1769 818 1831 si
837 1766 1009 1840 videretur,
1028 1761 1143 1827 redde·

126 1877 193 1941 ret,
213 1867 261 1927 sin
280 1867 400 1943 miuus,
422 1870 472 1930 rel
487 1867 631 1941 flammis,
651 1870 702 1931 vel
722 1868 814 1930 undis
834 1867 985 1930 aboleret.
1022 1861 1142 1929 Existi·

125 1966 245 2028 mabam
272 1967 355 2029 enim
381 1967 483 2040 illum,
523 1967 579 2050 qni
605 1967 727 2031 viveret
759 1967 791 2029 in
817 1967 930 2029 familia
956 1961 1142 2041 Cardinalis,

126 2076 159 2127 et
183 2067 251 2143 ille,
278 2077 313 2128 ut
340 2078 404 2129 tum
431 2067 595 2146 putabam,
625 2067 669 2130 illi
698 2079 780 2131 esset
806 2067 997 2141 acousiliis‚
1030 2063 1142 2127 molins

126 2186 221 2230 nosse
255 2189 380 2230 sensum
406 2167 573 2249 Principis.
618 2168 704 2250 Quid
732 2167 942 2241 factumest?
978 2164 1070 2241 Edita¹
1095 2171 1145 2226 est

126 2267 258 2346 epistola
295 2269 484 2350 vulgataque
521 2267 622 2350 typis,
658 2288 718 2333 nec
749 2268 872 2334 reddita
891 2268 950 2344 illi,
982 2265 1023 2328 ad
1048 2282 1144 2347 quom

128 2378 196 2429 erat
214 2367 339 2448 scripta.
376 2370 427 2430 Ex
447 2368 504 2430 hac
523 2389 558 2432 re
584 2389 654 2431 cnm
673 2380 705 2433 et
723 2368 881 2435 cardinali
901 2367 1006 2451 gravis
1025 2363 1144 2437 invidia

127 2469 318 2531 conflaretur
345 2469 427 2548 apud
453 2471 686 2546 Romanenses,
724 2481 757 2532 et
789 2470 863 2532 milri
890 2474 976 2550 apud
1006 2444 1144 2543 nostine,

128 2567 201 2647 (jam
230 2567 314 2630 enim
342 2567 532 2650 triumphum
551 2570 743 2633 adornabant
761 2572 947 2652 gloriantes,
974 2588 1025 2630 sne
1041 2561 1145 2629 cenot

127 2669 279 2744 medium)
299 2669 509 2751 Moguntinus
534 2681 711 2734 commotus
729 2669 829 2752 exigit
852 2668 1014 2750 epistolam
1045 2667 1085 2729 ad
1108 2682 1145 2727 ss

129 2770 291 2848 scriptam,
313 2791 381 2854 qua
401 2772 463 2848 jam
482 2782 566 2835 totos
586 2782 649 2835 tres
667 2790 791 2833 menses
811 2791 869 2852 per
884 2768 1024 2830 omnium
1034 2782 1144 2829 manus

129 2869 289 2934 volitabat.
352 2873 496 2935 Tandem
529 2873 643 2936 acriter
678 2872 829 2955 flagitanti
863 2867 987 2933 reddita
1018 2877 1066 2930 est
1095 2884 1144 2941 aa,

129 2992 223 3055 qiram
245 2970 405 3050 miseram,
435 2974 613 3037 semilacera
631 2992 668 3035 ac
685 2972 954 3055 typographorum
974 2976 1145 3030 atramento

129 3072 347 3136 contaminata.
396 3075 443 3136 Ea
472 3094 540 3148 res,
569 3085 604 3135 ut
628 3072 754 3148 debuit,
786 3092 869 3154 ogre
898 3069 1005 3132 habuit
1023 3066 1146 3131 Princi-
1223 3117 1227 3126 .

130 3193 223 3251 pem,
253 3172 393 3255 mihique
421 3174 656 3257 indignabatur,
687 3172 866 3255 suspicans,
894 3170 926 3233 id
955 3188 1024 3232 mea
1053 3169 1147 3247 culpa

130 3273 258 3334 lactum.
306 3274 389 3335 Nihil
420 3273 469 3336 uic
499 3276 623 3357 affingo.
674 3275 746 3356 lpse
776 3272 950 3336 Cardiualis
985 3280 1058 3348 post
1079 3270 1145 3331 sut·

132 3371 229 3436 literis
250 3392 371 3434 mecum
390 3375 601 3454 expostulavit
635 3376 692 3436 hac
715 3374 757 3437 de
775 3395 821 3437 re.
872 3375 958 3454 eras
979 3368 1145 3451 tragoedias

130 3471 299 3534 excitasset
327 3475 505 3550 Huttenus,
534 3473 660 3558 siquid
685 3473 755 3556 ejus
780 3473 906 3555 generis
923 3468 1147 3532 commisissent

132 3569 166 3635 in
186 3573 304 3653 ipsum!
336 3572 477 3637 Primum
502 3575 627 3655 prodita
650 3585 699 3638 est
724 3574 802 3637 lidos
827 3573 861 3634 in
879 3569 1027 3636 mandatis
1045 3566 1147 3631 amici.

134 3674 254 3736 nocuit
273 3694 372 3737 caussa
393 3677 519 3757 vulgata
543 3675 689 3757 epistola,
719 3695 790 3758 quaa
818 3682 941 3737 secreto
968 3674 1046 3734 lecta
1071 3688 1147 3753 pro·

131 3774 224 3838 desse
262 3787 404 3855 poterat3
434 3788 466 3837 et
501 3776 632 3840 amicum
661 3785 692 3839 et
720 3785 888 3858 patronum
919 3771 1146 3836 benemeritum

131 3875 274 3953 gravarit
292 3876 422 3938 invidis.
470 3877 636 3940 Postremo
661 3876 737 3940 milri
755 3875 934 3954 Principem
959 3872 1077 3937 tantum
1103 3892 1146 3936 ex

131 3977 230 4037 amico
249 3975 387 4038 reddidit
405 3976 574 4041 inimicum.
611 3979 653 4039 Et
668 3988 771 4042 tamen
790 3979 846 4039 lrsc
865 3976 905 4038 de
924 3996 961 4039 ro
978 3976 1032 4036 vix
1044 3971 1145 4036 tribu

130 4077 236 4140 verbis
268 4079 468 4156 expostulavi
496 4098 611 4142 coram.
651 4081 758 4161 Atque
784 4076 830 4151 is,
864 4075 931 4139 risu
961 4072 1145 4138 verecundo

132 4179 442 4256 continuandum,
464 4180 641 4260 respondit,
662 4174 901 4241 secretariorum
920 4174 1040 4239 incuria
1059 4192 1145 4235 son·
1274 4170 1279 4175 ’

134 4278 263 4342 missum
293 4301 373 4344 esse.
419 4283 486 4344 Nec
512 4292 585 4362 post
614 4283 710 4346 ullum
737 4277 842 4341 addidi
868 4276 1018 4351 verbum,
1049 4277 1145 4339 homo

132 4380 281 4461 incivilis,
309 4385 371 4446 hoc
397 4382 501 4465 ipsum
530 4383 624 4446 etiam
647 4380 860 4456 dissimulans,
882 4377 979 4464 <quad
1002 4376 1046 4443 de
1072 4373 1145 4458 ἱμῠ
