2618 5108
204 813 275 893 660
471 811 653 893 Ju'dicittm
677 810 820 893 Emathi
843 811 965 886 Alberi

205 1008 268 1072 boc
293 1018 342 1070 est
367 1007 483 1070 blando
510 1009 645 1090 poculo,
672 1005 746 1071 huic
772 1005 868 1069 totius
903 1005 989 1071 orbis
1008 1010 1091 1071 mato
1109 1008 1257 1075 mederi

202 1119 354 1184 conatur,
390 1119 501 1172 contra
530 1108 727 1172 uredicorum
753 1108 1026 1173 consuetudinem.
1066 1108 1233 1190 Siquidem

203 1228 272 1292 quo
292 1209 423 1291 gravior
440 1209 591 1284 morbus,
621 1209 684 1273 hoc
704 1206 857 1273 macriora
876 1212 1007 1288 pocula,
1029 1210 1233 1291 quantumuis

83 1306 87 1314 ’
202 1307 434 1375 fastidientibus
476 1309 621 1390 aegrotis,
664 1307 995 1391 murmurantibusque
1040 1312 1232 1393 plerumque

206 1408 407 1473 adhibentur.
445 1410 544 1492 Quod
573 1430 677 1473 amara
700 1420 775 1479 suut
806 1411 934 1491 pocula,
963 1409 1039 1491 quid
1072 1411 1111 1473 ad
1130 1410 1234 1474 madi-

201 1509 299 1570 cum?
319 1509 459 1572 Morbus
474 1508 575 1590 exigit
589 1507 783 1590 hujusmodi,
802 1511 863 1573 nisi
879 1511 963 1575 malit
975 1511 1118 1575 infirmus
1130 1513 1246 1587 mori3>

201 1605 302 1672 nihilo
318 1608 413 1689 pejor
432 1621 481 1673 est
492 1611 650 1686 medicus,
672 1613 760 1694 quod
773 1633 876 1674 amara
888 1623 961 1687 sunt
973 1615 1103 1692 pocula,
1123 1633 1233 1695 neque

204 1728 285 1773 vero
304 1711 457 1773 convenit
475 1721 630 1793 egrotum
649 1710 742 1775 irasci
754 1714 896 1788 medico,
916 1724 979 1775 tam
998 1713 1144 1775 acerbam
1162 1733 1234 1777 rem

202 1811 402 1893 porrigenti,
433 1811 497 1873 imo
512 1830 573 1875 suo
589 1810 703 1875 morbo
723 1811 893 1888 irascatur,
913 1815 1064 1895 ultroque
1084 1825 1235 1894 precetur

201 1912 383 1988 medicum,
402 1922 438 1975 ut
461 1923 585 1991 pergat.
619 1915 784 1988 Lnthero,
814 1914 967 1976 fidissimo
988 1915 1132 1990 modico,
1154 1916 1235 1979 iras·

201 2013 288 2080 citor
306 2011 443 2081 maxima
461 2013 626 2076 hominum
644 2034 734 2094 pars,
755 2013 847 2077 etiam
867 2015 1088 2096 sapientissimi
1107 2026 1140 2078 ct
1154 2017 1235 2079 doc·

203 2112 316 2178 tissimi
336 2113 425 2177 malti
443 2132 527 2196 agra
543 2114 660 2188 serunt,
682 2126 852 2194 propterea
867 2115 957 2197 quod
972 2115 1103 2179 nimium
1118 2118 1237 2183 acerba

202 2217 318 2298 pocula
335 2216 458 2297 populo
483 2214 687 2278 administret.
735 2216 809 2278 Huc
829 2218 989 2296 pertinere
1008 2217 1236 2281 vidnturiltud

203 2326 454 2382 Terentianum
480 2315 607 2388 ,Facile
627 2334 736 2383 omnes
755 2335 827 2377 curn
846 2319 999 2393 valemus,
1024 2329 1110 2379 recta
1128 2319 1235 2384 consl·

201 2417 245 2480 tis
273 2416 401 2498 aegrotis
434 2417 571 2481 damus.“
627 2416 677 2479 llli
703 2415 851 2478 sidentur
884 2417 946 2479 sibi
980 2419 1082 2497 probe
1111 2421 1233 2498 valere,

200 2528 423 2600 spernuntque
442 2517 608 2580 consilium
627 2515 691 2579 Dei
711 2516 863 2580 adversus
886 2518 1090 2597 seruetipsos,
1117 2520 1235 2599 justifi-

203 2629 313 2683 cantes
333 2639 368 2681 se
387 2637 495 2681 coram
513 2617 710 2691 hominibus,
730 2616 866 2699 proinde
886 2619 1040 2681 laboranti
1059 2620 1232 2697 plebecula

204 2715 534 2785 invident'mcdelam.
583 2721 637 2781 Ex
663 2716 728 2780 suis
749 2717 851 2780 saxeis
874 2718 1075 2793 conscientiis
1095 2719 1233 2784 metiun-

204 2827 257 2887 tur
275 2819 538 2902 cognoscentium
557 2838 629 2883 scas
647 2817 871 2894 conscientias,
897 2820 953 2902 qui
973 2819 1104 2903 quidem
1119 2820 1234 2886 loben-

201 2903 262 2985 les.
301 2920 516 2984 Justilicarsnt
535 2920 660 2994 Deum,
687 2921 715 2981 si
732 2919 851 2987 rediret
871 2921 911 2982 atl
930 2942 987 2983 cos
1008 2921 1231 3003 Euangeliou,

201 3041 290 3085 nunc
309 3041 382 3085 eum
402 3020 502 3096 redit,
521 3021 556 3084 hi
573 3023 678 3083 levant
698 3021 799 3099 captu
815 3041 888 3095 sua,
908 3020 1090 3103 agitantque
1105 3023 1234 3102 gratiss.

200 3120 251 3185 ltti
262 3132 409 3196 monent,
431 3120 648 3200 obganniunt,
670 3118 840 3196 insaniunt,
860 3133 1056 3186 murmurant
1068 3121 1232 3187 Pharisei.

201 3222 427 3303 Quapropter
449 3223 602 3285 suaserim
619 3225 771 3299 Erasmo,
807 3208 842 3291 ni
868 3223 991 3285 dosiuat
1015 3225 1093 3285 mala
1114 3222 1234 3286 sentire

198 3322 247 3386 *de
264 3323 408 3387 Luthcro
430 3334 492 3387 tam
510 3323 593 3391 bena
611 3321 768 3398 miscenti,
797 3321 825 3385 si
845 3324 929 3401 vult,
957 3335 992 3388 ut
1021 3321 1133 3402 jactat,
1160 3345 1233 3391 esse

202 3422 323 3489 Christi
342 3423 533 3503 discipulus,
553 3422 645 3502 cujus
665 3435 764 3495 estet
783 3425 961 3498 Lutbccus,
981 3443 1023 3494 ne
1043 3444 1179 3506 regnum
1197 3424 1232 3489 in

200 3547 239 3591 se
257 3527 394 3590 cinnum
412 3526 592 3588 desoletur.
630 3527 702 3588 Nou
721 3523 836 3599 raiart,
857 3524 946 3608 quod
958 3527 1137 3605 complures
1153 3525 1233 3591 sbu-

201 3638 311 3691 tuntur
329 3627 467 3691 Lutberi
485 3626 586 3690 libera
602 3626 765 3700 doctrina;
787 3626 851 3688 imo
870 3626 977 3706 potius
996 3628 1130 3708 cogitet:
1151 3631 1235 3694 mul·

199 3742 253 3794 tos
272 3749 343 3791 esse
364 3727 493 3809 quidem
514 3735 662 3799 vocatos,
682 3745 804 3806 paucos
821 3747 900 3788 vcro
917 3730 1047 3792 electos.
1086 3729 1121 3791 Si
1136 3730 1233 3811 parmi

199 3840 277 3895 sunt
304 3828 413 3902 electi,
443 3824 546 3907 major
572 3825 735 3889 hominum
775 3849 846 3907 pars
888 3829 983 3909 impia
1018 3830 1058 3893 sit
1093 3844 1234 3911 oportet.

201 3932 404 4011 Quamquam
423 3949 492 3990 uon
509 3927 668 4003 dubitem,
694 3947 736 3989 ex
755 3927 891 3990 Lutheri
924 3930 1068 3992 doctriua
1087 3934 1237 3998 meliores

201 4028 346 4113 quamvis
367 4048 486 4109 paucos
505 4027 647 4092 homiues
661 4028 750 4103 fieri,
773 4049 867 4110 quam
888 4031 1119 4112 ePapistarum
1139 4038 1235 4097 etiarn

199 4129 414 4197 »electissimis
444 4128 598 4193 doctrinis
627 4130 679 4192 vel
698 4151 799 4193 unum
817 4133 1064 4209 homunculum,
1086 4156 1159 4197 nam
1179 4157 1237 4198 ne·

201 4243 330 4316 queunt
349 4232 389 4294 de
409 4230 507 4311 spinis
527 4230 633 4312 colligi
653 4252 738 4306 uvae,
761 4243 792 4292 et
810 4232 906 4298 arbor
926 4237 1004 4297 mala
1017 4235 1128 4317 nequit
1147 4237 1236 4303 forro

202 4331 342 4399 trucium
365 4332 507 4408 bonum,
529 4328 730 4414 quantumvis
749 4330 843 4398 stiam
866 4336 1100 4417 refragantibus
1121 4359 1236 4419 super·

128 4436 136 4451 '
206 4432 385 4499 stitiosutts.
431 4431 593 4509 Primum,
611 4432 785 4512 'Papistica
817 4435 964 4516 dogmata
998 4440 1236 4518 hypocritarum
