2618 5108
152 813 250 894 ιη’
451 811 653 889 Praedones
702 813 889 917 Dialogus.

155 1003 319 1087 Quosdam
343 1002 436 1068 'enim
464 1003 556 1069 utiles
578 1026 711 1090 quoque
736 1008 821 1073 dico.
871 1009 936 1074 Sed
960 1008 995 1073 in
1024 1011 1128 1087 malis,
1148 1021 1183 1077 ct

150 1104 339 1189 perniciosis
361 1127 499 1183 censeo,
524 1129 645 1170 summe
665 1107 781 1170 divites
799 1110 886 1186 illos,
908 1110 965 1193 qui
982 1111 1059 1175 inita
1077 1113 1183 1177 socie·
1208 1155 1213 1158 -

151 1217 215 1269 tate
248 1207 468 1288 monopolium
497 1218 667 1284 exercent,
703 1231 843 1291 quorum
885 1212 1072 1295 nequissimi
1105 1223 1183 1276 sunt

149 1308 220 1372 heri
253 1307 299 1369 tui
323 1318 476 1392 Fuqqeri.
522 1311 631 1390 Quos,
662 1308 688 1369 si
708 1310 866 1392 suffragiis
890 1324 1002 1393 agatur
1022 1334 1074 1374 res
1102 1314 1182 1389 haec,

150 1420 448 1493 quotumquemque
481 1410 626 1472 futurum
657 1408 689 1470 in
718 1412 886 1473 Germania
918 1412 1038 1476 bonum
1063 1415 1183 1490 virum,

149 1510 243 1574 etiam
267 1521 376 1572 vestro
396 1512 437 1573 de
459 1510 572 1573 ordine
597 1511 772 1587 existimas,
794 1512 851 1594 qui
874 1534 939 1574 non
972 1513 1090 1591 primos
1111 1534 1182 1576 om·

148 1612 237 1677 nium
258 1612 421 1691 pellendos
451 1611 644 1689 Germania,
679 1625 711 1677 ct
731 1624 873 1675 extreme
899 1613 1084 1695 relegandos
1105 1633 1183 1677 cen·

148 1724 233 1788 seat,
267 1712 358 1794 quod
383 1711 610 1792 comperditis
640 1711 734 1792 nugis
759 1713 906 1792 impleant
930 1713 1061 1794 patriam
1088 1715 1181 1792 hanc,

147 1834 260 1878 aurum
293 1812 367 1876 hinc
399 1812 571 1876 obvertunt
610 1812 729 1875 exteris
766 1812 970 1888 immensum,
1011 1814 1180 1892 inlinitum,

146 1935 253 1983 mores
276 1933 354 1977 vero
383 1915 543 1991 reddunt,
576 1917 685 1998 quales
708 1913 787 1976 dixi.
842 1915 937 1993 Quod
968 1925 1004 1979 tu
1030 1919 1182 1997 predari

144 2035 211 2080 non
237 2013 357 2079 vocas?

556 2091 774 2156 Mercator.

224 2192 301 2255 Non
322 2211 428 2268 voco,
459 2189 534 2275 quia
555 2193 603 2254 vis
623 2213 690 2255 non
714 2202 762 2254 est
779 2191 855 2254 haec.

529 2315 789 2378 Franciscus.

220 2415 295 2477 Non
313 2413 390 2478 vis?
409 2424 441 2476 at
464 2414 573 2494 rapina
596 2427 646 2478 est
668 2438 727 2498 per
748 2411 895 2494 injuriam
911 2412 1003 2475 sacta.
1040 2413 1095 2476 An
1109 2435 1179 2478 non

141 2511 262 2591 injuria
279 2515 314 2577 fir
328 2536 387 2596 per
403 2516 550 2578 fraudem
567 2516 677 2592 etiam,
697 2526 729 2576 et
746 2526 862 2590 artem,
883 2525 982 2597 atque
1003 2516 1068 2577 lnoc
1083 2515 1179 2579 odio·
1204 2567 1205 2570 ,

142 2613 266 2680 sissima
289 2616 430 2678 omnium
451 2617 521 2679 est?
540 2616 711 2700 namquid
730 2615 844 2691 refert,
866 2625 902 2676 ut
921 2615 1046 2678 auferas
1068 2635 1177 2681 meum

143 2714 236 2792 mihi,
257 2727 311 2778 aut
330 2728 396 2779 arte
414 2715 662 2792 circumvenias,
690 2726 726 2779 ut
741 2717 825 2778 ultro
845 2715 903 2778 tibi
921 2716 956 2778 id
977 2715 1178 2791 concedant

142 2818 240 2901 Quod
257 2816 284 2880 si
310 2837 488 2899 pernegare
508 2818 616 2891 voles,
640 2814 780 2897 rapinam
802 2835 872 2878 esse
891 2813 953 2878 nisi
971 2815 1005 2878 vi
1024 2838 1095 2900 que
1110 2819 1177 2894 fiat,

140 2918 280 3000 probare
299 2917 358 2980 tibi
382 2917 461 2979 alios
483 2937 554 2980 esse
578 2939 636 2997 per
662 2916 863 2979 Germaniam
886 2917 1053 2996 praedones
1078 2938 1176 2997 nunc,

138 3033 254 3102 preter
270 3018 340 3083 illos
358 3037 471 3100 parum
492 3017 663 3080 admodum
682 3028 836 3080 nocentes
858 3019 1072 3096 latrunculos,
1090 3016 1178 3087 haud

138 3116 269 3200 passim.

204 3216 205 3220 ’
544 3193 766 3257 Mercator.

228 3295 303 3357 Non
326 3316 482 3378 pernego.
529 3295 593 3358 Sed
615 3293 801 3375 hujusmodi
826 3293 866 3373 in,
885 3306 1078 3361 mercatores
1108 3269 1175 3363 dici

138 3417 304 3480 nunquam
324 3395 432 3485 audivi
452 3395 552 3477 prius.
656 3390 660 3398 ’

528 3518 785 3583 Franciscus.

160 3653 161 3657 =
216 3621 331 3705 Neque
357 3639 426 3698 ego
459 3619 584 3695 audivi,
624 3642 695 3702 quro
725 3632 761 3682 tu
794 3612 833 3682 in¹
856 3630 1041 3705 equestrem
1062 3614 1175 3687 -modo

138 3721 294 3783 ordinem.
333 3721 371 3782 ln
392 3740 487 3804 quem
512 3720 540 3783 si
563 3721 658 3784 habes
687 3722 777 3803 plura
800 3721 921 3799 adhuc,
941 3721 1100 3801 patienter
1117 3743 1174 3790 au·

138 3820 239 3895 diam,
259 3838 292 3883 et
314 3818 401 3900 ipse,
422 3821 690 3904 quemadmodum
711 3833 745 3884 tu
764 3842 826 3885 me.

550 3945 770 4008 Mercator.

214 4046 290 4110 Non
308 4043 430 4120 habeo,
451 4045 541 4127 quod
560 4047 656 4110 sciam
677 4064 773 4107 trunc.

542 4170 759 4234 Huttenus.

215 4269 260 4335 At
278 4288 339 4333 nos
357 4267 392 4331 in
412 4280 604 4334 mercatores
626 4254 779 4335 habemus
798 4273 888 4354 plura
906 4274 1021 4339 adhuc.

544 4397 760 4460 Mercator.

144 4506 146 4511 ·
211 4475 315 4539 Etiam
335 4483 371 4535 tu
389 4471 452 4534 dic.
