2618 5108
835 164 836 185 l

250 107 727 308 00⁸-an
770 270 788 282 ‘

380 780 582 857 Praedones
628 778 816 880 Dialogus.
1039 787 1106 909 196

88 970 248 1056 cujusque
265 984 359 1051 sunt,
382 971 562 1036 communia
578 972 658 1035 fiunt
677 973 878 1058 plerumque,
899 983 984 1038 certa
1003 975 1109 1040 onmis

88 1070 124 1135 iu
150 1070 284 1136 dubium
310 1084 476 1136 vocantur.
524 1072 573 1135 lta
589 1071 782 1136 flexibilibus
811 1084 945 1136 utuntur
972 1073 1107 1158 legibus,

88 1191 156 1236 non
177 1171 297 1256 absque
323 1171 446 1256 ingenti
476 1194 537 1237 suo
561 1173 741 1236 commodo.
787 1169 851 1237 Ubi
879 1173 963 1238 enim
986 1175 1109 1240 lucrum

89 1295 157 1338 nors
177 1284 226 1336 est
245 1273 319 1337 his?
337 1285 391 1337 aut
410 1270 488 1358 quid
507 1273 624 1336 iaciunt
641 1270 721 1335 lucri
741 1292 797 1354 spe
816 1273 964 1349 remota?
990 1273 1109 1357 Quies
1172 1264 1176 1270 ¹

90 1395 171 1439 vero
190 1372 243 1438 alii
260 1374 421 1454 copiosius
445 1376 630 1454 opulentant
647 1372 756 1436 nunc?

494 1504 708 1569 Huttenus.
789 1522 791 1527 ·

166 1605 251 1671 Nulli
267 1603 425 1688 prolecto.
459 1606 540 1668 Nam
556 1604 672 1669 indies
689 1605 871 1669 cumulatius
885 1614 918 1667 et
932 1611 1110 1671 avarissime

88 1704 153 1789 jam
178 1716 320 1771 statuunt
349 1703 486 1786 pretium
508 1725 571 1767 sue
592 1705 801 1786 professioni,
827 1705 871 1768 ita
888 1717 924 1768 ut
941 1718 1031 1771 natos
1052 1728 1111 1772 eos

87 1806 279 1889 accipiendae
296 1804 435 1886 pecunise
455 1806 619 1888 proverbii
635 1807 705 1869 vice
720 1809 834 1887 vulgus
848 1805 977 1887 jactitet.
1015 1808 1110 1873 Com·

87 1907 188 1991 pilsnt
206 1917 311 1968 autem
327 1904 491 1986 Principes
510 1906 663 1983 manime,
690 1904 736 1970 sic
751 1905 923 1970 infatuatos
943 1907 983 1970 ab
1002 1928 1055 1986 se,
1073 1919 1110 1975 ut

88 2027 226 2090 regnare
242 2009 333 2087 plane
351 2007 519 2087 desperent
534 2005 653 2089 absque
668 2005 716 2069 his
731 2006 976 2070 consultoribus.
1006 2011 1109 2087 Quam

83 2107 133 2171 ‘ob
151 2128 220 2171 rem
238 2104 395 2189 quidquid
413 2092 526 2187 agunt,
547 2107 661 2168 horum
680 2105 772 2188 qussi
791 2107 929 2189 quodam
946 2108 1109 2188 impellun-

87 2218 142 2272 tur
161 2209 248 2289 flatu.
297 2207 412 2288 Neque
431 2206 547 2269 sudent
565 2206 726 2282 resistere,
759 2206 817 2270 sed
845 2227 888 2268 ex
906 2209 1021 2272 horum
1040 2208 1108 2271 ior·

88 2311 180 2375 muts
199 2306 426 2371 electionibus
456 2306 565 2367 dicunt
594 2317 625 2368 et
648 2304 767 2369 iaciunt
797 2305 902 2381 omnia
929 2309 1108 2392 obsequen·

89 2408 219 2474 tissime.
268 2408 370 2488 Quam
395 2405 581 2487 Principum
606 2406 810 2482 dementiam,
836 2408 923 2483 vulgi
942 2410 1106 2490 oppressio

88 2509 236 2594 sequitur
262 2505 458 2580 necessario;
489 2526 595 2588 neque
620 2507 717 2567 ullum
745 2518 792 2568 est
813 2507 975 2571 hominum
994 2530 1105 2591 genus,

89 2608 180 2695 quod
208 2626 276 2671 non
305 2604 455 2686 religiose
485 2615 629 2687 oporteat
656 2606 952 2675 JureconsuItorum
980 2612 1107 2675 oracula

89 2708 269 2773 oonsulcre.
317 2706 486 2769 Adeuntur
505 2705 544 2767 ab
566 2705 727 2780 omnibus,
759 2725 960 2787 magnacum
980 2706 1107 2773 miserie

91 2808 228 2892 publica.
278 2805 431 2868 Proiecto
462 2802 546 2866 enim
583 2804 671 2866 multi
701 2804 739 2867 ab
767 2804 814 2866 his
842 2804 1001 2885 impediti,
1030 2807 1106 2870 dum

85 2919 199 2974 nones
218 2917 313 2990 atque
332 2903 400 2967 dies
419 2904 604 2966 meditantur
630 2923 737 2966 causas
765 2924 854 2982 sues,
886 2905 926 2967 sd
954 2904 1107 2972 insaniam

84 3029 191 3094 usqne
216 3008 393 3070 afflixerunt
425 3024 508 3068 sese.
566 3002 702 3085 Quidam
733 3003 804 3068 vitas
838 3004 931 3068 tedio
962 3003 1027 3068 vim
1055 3004 1104 3070 in·

85 3111 230 3176 osterum
248 3105 309 3190 ipsi
327 3104 398 3168 sibi.

463 3225 713 3289 Franciscus.

164 3333 271 3399 Prous
287 3347 386 3413 porro
400 3325 696 3392 Jureconsultorum
712 3323 812 3408 qualis
830 3336 893 3404 est,
912 3326 1077 3393 Hutteue?

486 3456 700 3520 Huttenus.

159 3561 383 3647 Philosophlca
398 3568 464 3637 est,
483 3577 556 3620 cum
567 3554 691 3619 interim
705 3555 784 3620 meri
798 3557 929 3620 lenones
949 3555 1010 3639 ipsi
1029 3558 1102 3622 sint.

468 3685 721 3752 Franciscus.
964 3761 966 3765 y

162 3795 211 3861 tu
229 3802 293 3870 ests
322 3810 395 3855 cum
412 3787 496 3854 enirn
514 3789 598 3851 nulla
617 3785 800 3851 ritmorum
818 3785 972 3867 gravitas,
998 3787 1102 3852 vultis

86 3892 294 3970 uenientis,
323 3890 511 3956 metuendos
531 3910 566 3952 se
585 3887 709 3969 potius,
728 3908 824 3972 quam
841 3888 1037 3952 venerabiles
1055 3889 1103 3952 la-

84 3996 193 4073 eiunt,
221 4000 462 4074 coegensntque
480 3991 552 4052 ficta
571 3987 725 4069 gravitate
743 3984 823 4068 jam,
853 3985 940 4050 orbis
960 4008 1048 4069 paene
1068 3998 1104 4052 ut

84 4096 227 4163 intentus
244 4092 306 4156 sibi
334 4093 373 4152 sit
396 4101 505 4153 nostra
532 4091 634 4170 culpa.
684 4087 752 4151 Cur
770 4085 814 4150 ita
831 4085 917 4151 enim
936 4087 1103 4154 diffidimus

83 4193 236 4283 probitati
261 4200 393 4265 nostrae,
419 4201 455 4251 ut
485 4189 525 4252 sd
551 4190 666 4252 horum
683 4186 784 4251 edicta
810 4187 1002 4253 remittamus
1022 4191 1104 4271 pub·

83 4298 160 4364 lieu
194 4304 230 4357 et
264 4289 400 4375 privatas
428 4289 535 4352 stolidi
561 4288 725 4352 actiones?
766 4286 834 4352 Cur
860 4289 950 4372 quod
979 4289 1104 4373 optimis

83 4400 142 4467 vix
160 4390 420 4462 eomittmsdum
437 4399 518 4467 eret,
540 4388 683 4472 pessimis
702 4387 929 4453 consuedines?
