2618 5108
208 783 352 860 Erasmi
375 784 460 860 Rot.
486 784 533 857 ad
556 785 600 858 U.
625 786 827 863 Huttenum
850 788 967 889 Epist.
1038 793 1114 868 837

88 978 205 1044 veteris
219 977 359 1042 amicitiae
376 976 510 1060 religio,
530 999 590 1040 nec
603 979 779 1042 studiorum
793 982 1008 1045 communium
1022 981 1114 1060 ratio,

87 1104 148 1146 nec
173 1079 311 1144 hostium
338 1080 501 1159 voluptas,
534 1079 638 1160 cogita
665 1081 725 1141 hoc
752 1103 817 1143 non
844 1083 1047 1147 mediocriter
1074 1086 1115 1149 ad

88 1194 175 1246 tuam
198 1183 330 1264 quoqne
351 1178 613 1241 existimationem
635 1179 803 1260 pertinere.
843 1185 922 1265 Quis
943 1186 1026 1246 enim
1048 1206 1115 1247 non

90 1284 327 1347 desideraturus
350 1293 396 1342 est
416 1280 635 1342 humanitatem
650 1293 679 1340 et
697 1302 814 1360 genere
829 1295 859 1343 et
876 1284 973 1345 literis
987 1286 1114 1365 dignam

90 1385 124 1446 in
139 1396 295 1459 Ημιιρηο,
320 1382 346 1441 si
360 1384 443 1441 nulla
458 1381 615 1441 lacessitus
631 1379 746 1457 injuria
757 1382 879 1444 serrum
891 1385 972 1445 letali
987 1408 1114 1449 veneno

91 1485 222 1546 tinctum
243 1484 374 1564 stringat
394 1484 426 1542 in
447 1481 601 1545 amicum?
631 1483 697 1542 Nec
718 1483 851 1546 sortasse
870 1484 1011 1548 defuturi
1030 1498 1114 1564 sunt,

93 1583 149 1666 qui
170 1585 402 1665 perpendentes
425 1602 490 1663 quo
512 1580 543 1641 in
564 1591 644 1642 statu
665 1604 715 1645 res
736 1595 881 1648 tuaesuut
898 1584 1116 1664 inpraesentia,
1171 1612 1173 1617 ·

91 1684 292 1763 suspicentur
323 1680 537 1744 istis.ortibus
575 1684 710 1759 praedam
747 1678 963 1768 undecunque
990 1685 1056 1766 peti
1086 1697 1119 1746 et

88 1786 265 1866 periculum
288 1795 352 1858 est,
374 1806 415 1845 ne
437 1782 520 1863 apud
541 1785 654 1844 multus
675 1787 786 1845 hsercat
806 1785 1006 1863 conjectura,
1027 1787 1117 1849 uimi-

88 1908 161 1950 rum
189 1887 221 1947 iu
249 1885 439 1965 profugum,
469 1884 656 1956 oberratum,
692 1896 722 1950 et
750 1886 788 1946 nd
817 1895 990 1949 extremum
1010 1908 1117 1950 rerum

91 1990 233 2050 omnium
253 1987 392 2064 inopiam
405 1986 578 2047 redactum.
617 1985 689 2044 Non
705 2006 738 2046 es
751 1985 895 2066 ignarus,
917 2009 986 2070 qum
1003 1970 1115 2050 subulae

91 2090 132 2151 de
153 2100 184 2148 te
205 2089 305 2166 vtrtgo
333 2087 491 2159 serentur,
523 2104 629 2164 neque
651 2084 767 2160 nescis,
790 2107 883 2167 qtram
904 2087 947 2149 ob
972 2111 1040 2152 rem
1059 2088 1115 2152 tibi

88 2197 291 2261 succensent,
313 2184 454 2267 quidque
472 2183 530 2246 tibi
549 2183 708 2246 minitetur
724 2183 841 2249 Comes
861 2187 1035 2265 Palatinus,
1058 2190 1115 2276 qui

92 2287 133 2348 de
153 2286 271 2347 samnio
293 2297 348 2346 tuo
369 2285 479 2349 sumsit
499 2283 607 2364 cerritis
628 2284 825 2366 supplicium.
864 2287 1006 2351 Proinde
1018 2292 1116 2355 nolim

89 2385 307 2465 interpreteris
329 2389 406 2448 hanc
428 2408 527 2447 meam
548 2385 799 2454 admonitionem
819 2390 869 2451 vei
897 2409 914 2449 a
933 2400 1035 2465 metu,
1064 2391 1116 2453 vei

90 2511 109 2550 a
128 2490 206 2549 mala
228 2489 421 2549 couscientia
441 2484 599 2567 proficisci
626 2485 733 2565 potius
758 2508 852 2570 quam
873 2487 911 2550 ab
932 2510 1038 2553 amore
1057 2492 1115 2568 tui,

90 2611 207 2672 meque
239 2611 323 2650 mute
350 2610 454 2650 mcum
475 2587 638 2669 negotium
666 2608 761 2668 ogere
786 2587 884 2670 magis
904 2610 998 2672 quam
1017 2603 1116 2656 tuum.

88 2693 131 2754 Ut
155 2690 353 2752 odiosissime
374 2688 508 2761 scribas,
534 2686 666 2768 primum
685 2709 744 2747 uec
765 2689 877 2749 horum
894 2691 1047 2752 malorum
1067 2691 1117 2753 in·
1199 2684 1201 2688 Α

88 2795 244 2856 solentem
270 2790 419 2871 impetes,
441 2810 499 2849 nee
520 2788 649 2848 omuino
671 2799 801 2848 mutum.
841 2785 965 2850 Deinde
987 2800 1021 2850 ut
1035 2788 1117 2852 obti-

90 2912 232 2967 cesmun,
264 2902 366 2952 tamen
393 2890 520 2970 gravius
548 2888 662 2949 inseris
691 2900 775 2947 tunm
797 2887 893 2968 ipsius
914 2889 1117 2954 existimatio·

89 3013 164 3056 nem
196 3013 288 3074 quam
317 3012 427 3052 meam.
477 2992 584 3070 Quare
612 2989 702 3049 etism
731 3000 825 3070 ntqne
852 2988 946 3050 etiam
972 2990 1046 3052 vide
1074 2991 1118 3054 mi

91 3107 249 3168 Hectore,
283 3103 316 3151 ut
337 3089 386 3151 hic
410 3102 492 3150 tunm
514 3088 710 3168 prudentiam
733 3088 762 3149 in
785 3089 948 3151 consilium
969 3091 1115 3157 adhibeas

89 3197 234 3277 potius‚·
249 3214 343 3274 quom
364 3191 541 3272 obsequare
561 3189 791 3251 levissimorum
812 3191 972 3253 hominum
994 3194 1115 3275 cupidi·

92 3294 159 3358 tati.
185 3296 275 3357 Beue
296 3294 375 3353 vate.
404 3290 531 3352 anileae
544 3288 575 3349 in
589 3289 639 3348 dic
652 3311 855 3370 pmusceucs,
876 3292 925 3354 M.
936 3294 978 3357 D.
990 3292 1117 3358 xxltl.

239 3398 385 3476 Expecto
407 3405 492 3455 tuam
511 3391 807 3471 expostulationem.
