2618 5108
405 288 424 295 “
496 72 791 314 Ἲ--Ι
810 302 860 311 --0
960 306 1024 325 ,ι’
1087 308 1202 328 v:

197 843 271 915 sto
487 828 687 912 Proedones
735 831 922 932 Dialogus.

198 1029 291 1092 emes
304 1028 412 1106 sucin,
431 1019 584 1091 nemo'fit.
622 1028 701 1091 Nem
712 1024 810 1108 siquis
824 1027 887 1087 hoe
900 1018 1071 1104 quemuet,
1088 1013 1212 1103 :hinne

200 1138 309 1214 posset
322 1129 445 1208 {acilius
460 1141 621 1210 prestare,
641 1150 735 1213 qnam
750 1127 783 1221 in
795 1126 911 1189 devota
928 1124 985 1215 lite
996 1123 1071 1182 vitet
1085 1142 1091 1161 ·
1107 1119 1216 1197 Qun

199 1229 246 1293 ob
289 1250 356 1294 rem
390 1229 556 1320 peribunt,
595 1229 745 1310 peribunt
783 1223 948 1308 proiecto,
984 1233 1080 1306 etque
1104 1215 1212 1280 onds

199 1329 409 1393 eradicabitur
428 1328 575 1410 plantatio
593 1331 675 1405 haec,
696 1329 769 1410 qtsie
789 1347 854 1388 non
872 1321 1021 1407 plantavit
1038 1332 1109 1383 om
1120 1328 1218 1400 peter·

198 1430 304 1506 Deus,
324 1431 382 1491 sed
401 1429 564 1492 insidiator
578 1429 744 1505 Diabolus,
765 1428 818 1512 qui
836 1426 963 1488 turbare
979 1420 1096 1487 Christi
1111 1421 1212 1481 ecele-

199 1530 276 1593 siam
293 1549 367 1592 cum
381 1534 447 1592 non
465 1540 574 1610 posset
592 1531 679 1591 aliter
696 1531 753 1592 hac
772 1528 825 1590 vie
842 1528 1007 1609 adgressus
1026 1530 1094 1599 est,
1113 1534 1145 1585 et
1164 1518 1213 1582 in·

197 1630 291 1693 ducta
310 1629 508 1704 diversitate,
529 1640 658 1692 conattu
678 1641 745 1705 est,
766 1626 909 1710 disperso
927 1627 962 1689 in
978 1638 1079 1689 sectas
1096 1640 1216 1708 grege,

105 1768 108 1773 ·
198 1731 373 1794 desolutum
392 1731 518 1793 taudem
536 1731 671 1793 reddere
690 1728 808 1794 Christi
827 1727 921 1791 ovile.

583 1861 831 1927 Franciscus.

271 1961 366 2023 Nunc
384 1961 511 2025 demum
530 1961 647 2045 incipio
667 1981 877 2046 cognoscere,
904 1959 1028 2023 minime
1046 1958 1215 2023 terendum

200 2081 271 2126 esse
296 2063 360 2125 hoc
387 2063 550 2125 hominum
575 2084 686 2146 genus.
736 2064 816 2127 Nam
844 2061 911 2125 sive
929 2060 1007 2123 boni
1026 2070 1114 2136 sunt,
1146 2079 1216 2121 non

119 2218 125 2233 ,
200 2184 283 2244 opus
302 2175 366 2238 est,
400 2174 435 2226 ut
454 2183 539 2226 nove
567 2184 602 2225 se
631 2164 781 2240 vestiant,
812 2184 883 2226 cum
902 2173 1021 2223 mentes
1041 2160 1214 2234 hominum,

199 2273 233 2323 et
252 2262 460 2343 cogitationes
473 2264 551 2325 sciet
569 2264 673 2337 Deus,
695 2285 754 2325 nec
767 2274 917 2345 ‚oporteat
936 2262 1024 2324 aliam'
1042 2259 1113 2325 lieri
1131 2259 1216 2323 inter

199 2361 344 2424 homiues
379 2361 605 2438 ostensionem,
638 2384 731 2446 quam
763 2383 805 2425 ex
832 2361 925 2426 bonis
945 2360 1111 2445 opertltus,
1143 2382 1214 2445 quae

200 2471 249 2521 est
269 2462 353 2521 nulla
373 2482 444 2522 cum
464 2463 659 2526 affectatione
678 2464 775 2539 lactu,
798 2463 854 2527 sed
872 2475 908 2525 ut
926 2461 959 2525 in
972 2465 1150 2544 exemplum
1163 2462 1216 2529 illa

201 2560 330 2636 cedant,
355 2561 423 2623 sive
442 2563 532 2639 mali,
561 2576 676 2647 quauta
696 2576 743 2627 est
761 2563 933 2644 pernicies,
964 2560 1009 2624 sic
1030 2558 1215 2626 conversari

201 2659 383 2725 hominibus
402 2675 434 2726 et
454 2664 590 2746 optimus
609 2681 788 2740 censeatur,
809 2666 865 2748 qui
882 2664 960 2726 vivit
970 2663 1139 2749 ‘pessimei

601 2798 814 2860 Huttenus.

273 2894 355 2957 Rem
385 2905 485 2959 tenes.
526 2896 594 2959 -Sed
624 2919 696 2960 cum
725 2897 842 2982 alioqui
871 2897 1081 2967 diuersissime
1106 2896 1215 2961 vivant

187 3003 247 3055 'tot
266 2995 410 3071 ordines,
431 3007 659 3081 teneanturque
682 2998 874 3078 aemulntione
892 2997 1027 3060 invicem
1052 2999 1212 3075 acerrime,

114 3162 119 3169 ¹
200 3112 236 3154 ac
256 3092 337 3156 odiis
358 3117 412 3171 se,
433 3108 465 3157 et
477 3097 681 3160 simultatibus
697 3102 899 3176 collocercut,
920 3098 980 3163 scis
996 3100 1073 3183 quid
1088 3102 1214 3166 tandem

201 3192 369 3255 conveniet
387 3195 477 3258 simul
497 3198 668 3261 omuibus?

582 3330 832 3396 Franciscus.

149 3507 152 3514 Ι
286 3425 380 3491 Haud
401 3448 558 3512 (uinquam
577 3433 657 3506 scios
688 3455 792 3516 neque
820 3431 992 3496 convenire
1010 3433 1128 3519 aliquid
1146 3433 1220 3499 exi·

201 3525 305 3591 ntimo.
344 3529 390 3590 lte
409 3529 528 3611 ubique
557 3531 747 3613 discrepant,
777 3535 847 3594 datu
871 3535 1002 3615 singulis
1022 3556 1137 3617 opere,
1158 3557 1215 3599 ue·

200 3627 279 3710 quid
298 3649 464 3692 commuue
483 3648 555 3692 eum
578 3631 641 3692 aliis
668 3633 818 3709 habeant,
851 3645 904 3698 aut
930 3635 1066 3711 faciant,
1096 3647 1212 3712 vestes,

198 3725 343 3803 edificia,
381 3731 567 3804 conciones,
596 3753 700 3808 sacra,
733 3756 861 3815 preces,
894 3748 1099 3813 concentum,
1126 3735 1214 3801 ceri·

199 3825 340 3904 monins,
377 3840 408 3889 et
437 3828 705 3911 gesticulationes,
746 3857 852 3900 omnes
881 3840 1020 3902 breviter
1044 3848 1150 3914 octus,
1175 3847 1216 3901 et

198 3925 290 3989 ritus.

188 4030 192 4039 ¹
591 4049 813 4116 Huttenus.

283 4138 321 4206 ln
341 4146 408 4210 aliis
426 4143 468 4209 ita
487 4144 599 4226 hebet,
633 4153 665 4213 ln
684 4156 744 4215 hoc
768 4173 848 4216 vcro
873 4155 1061 4220 unanimiter
1079 4176 1222 4222 concor*

198 4236 294 4321 dent,
327 4249 416 4328 quoti
443 4252 539 4313 veluti
571 4255 704 4337 quadam
733 4253 873 4317 instituta
901 4256 962 4319 sibi
991 4252 1215 4339 conjuratione

197 4342 297 4407 bonas
316 4346 442 4427 literas,
462 4363 493 4412 et
513 4352 632 4416 illarum
655 4356 774 4435 peritos
787 4357 871 4440 *odio
889 4369 921 4418 et
939 4358 1119 4422 infensione
1137 4376 1213 4443 pet·-

187 4458 393 4535 ¹sequuntur,
414 4450 446 4514 in
467 4463 603 4532 tautum,
623 4468 658 4518 ut
676 4456 739 4538 jam
758 4456 990 4522 coniuncte
1009 4444 1070 4524 sibi
1085 4460 1222 4540 cedmi-
