2618 5108
511 756 807 856 'Expostulatio‘
856 766 858 771 ’
980 765 1016 802 '¹
1095 767 1184 850 379ἱ

141 953 391 1030 consuetudine,
401 955 554 1041 'tuncque
574 956 702 1020 vanitati
720 977 784 1021 sue
798 957 934 1021 Lutheri
951 957 1070 1024 nomen
1090 976 1188 1043 proe-
1220 1020 1225 1027 .

141 1066 266 1118 texunt.
313 1060 384 1121 Hos
404 1069 438 1119 tu
459 1060 543 1121 haud
570 1059 698 1142 ignoras
728 1061 909 1121 aLutbero
935 1060 1012 1123 nihil
1039 1063 1172 1141 habere,

141 1169 174 1221 et
192 1161 300 1222 dicere
321 1181 386 1222 non
407 1161 524 1236 arides,
548 1159 685 1223 idoneos
697 1181 783 1236 esse,
806 1160 861 1243 qui
874 1161 1186 1226 honestissimorum

141 1261 287 1325 virorum
312 1262 476 1326 consortio
510 1264 738 1339 adscribantur.
791 1264 906 1345 Neque
934 1263 1026 1326 facile
1059 1266 1168 1341 credo,

143 1375 265 1426 tantum
284 1385 354 1426 esse
374 1364 462 1441 odii,
484 1376 521 1426 ut
531 1386 590 1426 nos
601 1367 658 1426 hac
672 1361 788 1443 injuria
802 1375 948 1444 gravatos
962 1365 1051 1428 velis.
1090 1368 1168 1447 Quae

142 1475 249 1546 potest
279 1486 348 1528 esse
377 1477 480 1527 autem
511 1467 769 1527 Lutheranorum
795 1465 842 1527 vis
869 1486 993 1546 quaeso,
1027 1467 1060 1528 in
1084 1477 1170 1531 tanta
1221 1529 1222 1532 ,

142 1565 263 1627 circum
285 1567 516 1628 Germanorum
537 1567 721 1647 Principum
750 1579 861 1629 contra
880 1591 939 1631 nos
960 1569 1170 1650 conspiratio·

140 1667 210 1729 ne?
231 1668 388 1750 Equidem
408 1668 536 1730 Basilcae
556 1668 631 1731 nihil
651 1668 774 1743 audivi,
803 1689 994 1751 quemquam
1013 1691 1169 1753 pugnare,

139 1779 176 1829 ut
195 1771 245 1829 vel
266 1780 320 1844 iu,
340 1772 391 1830 vel
412 1770 580 1852 quisquam
602 1769 681 1831 alius
699 1768 835 1830 Lutheri
847 1782 940 1832 esset.
979 1775 1021 1833 Et
1032 1772 1170 1835 Wiiten·

140 1869 248 1951 bergae
273 1872 357 1934 baud
379 1870 511 1946 dubito,
544 1871 621 1953 quin
642 1871 720 1932 nulli
741 1869 820 1947 sint,
854 1872 909 1953 qui
929 1874 989 1935 tale
1009 1874 1168 1950 studeant,

139 1990 213 2032 cum
245 1972 321 2053 quia
355 1973 505 2033 hactenus
535 1992 643 2051 secum
679 1993 748 2034 esse
783 1983 813 2032 te
848 1973 1066 2048 crediderunt,
1101 1986 1169 2037 tum
1232 2037 1234 2041 ,

139 2094 238 2148 vero,
270 2074 345 2155 quia
367 2094 433 2156 quo
454 2073 585 2155 propius
610 2075 787 2135 Lutherum
807 2073 942 2149 vivitur,
975 2094 1015 2135 eo
1036 2077 1106 2155 plus
1127 2096 1170 2137 ex

138 2174 223 2236 illius
252 2173 368 2260 spiritu
401 2174 549 2236 hauriunt
587 2174 740 2238 homines.
796 2177 874 2256 Quae
904 2175 1038 2238 Lutberi
1065 2187 1170 2238 autem
1197 2197 1209 2210 ·
1245 2187 1253 2201 ⁰

139 2297 228 2338 mens
256 2287 320 2351 est,
356 2287 508 2358 quantum
540 2277 580 2338 ad
605 2274 794 2339 delectionis
827 2298 886 2356 per
910 2287 943 2339 te
975 2277 1168 2340 concitandae
1198 2308 1209 2319 ·

138 2388 277 2453 metum,
309 2397 375 2437 non
395 2378 595 2459 redemptum
615 2398 683 2440 asse
703 2377 789 2439 velit.
834 2377 1041 2440 Praedicando
1062 2381 1170 2440 Evan·
1275 2395 1279 2413 ¹

139 2479 258 2562 gelium
295 2476 465 2557 conjunxit
504 2490 535 2540 et
566 2477 797 2540 multitudinem
828 2478 906 2549 sibi,
957 2481 1009 2540 vel
1039 2476 1168 2542 Christo

137 2581 267 2660 potius,
290 2592 321 2639 et
335 2599 508 2659 procerum
522 2579 639 2640 bonam
653 2593 785 2660 partem.
824 2579 912 2641 Idem
931 2591 1036 2660 sperat
1051 2581 1169 2642 deinde

139 2681 300 2743 facturum
320 2701 370 2756 se,
392 2699 499 2762 noque
520 2701 661 2762 unquam
680 2679 784 2753 timet,
816 2679 937 2762 nequid
956 2693 1009 2756 tu,
1030 2683 1082 2741 vel
1102 2680 1170 2758 qui·-

139 2803 270 2864 cunque
299 2793 410 2842 contra
436 2780 648 2862 Evangelium
680 2779 858 2842 obtineatis.
908 2782 958 2844 Ac
985 2792 1073 2841 certo
1098 2779 1168 2856 scit,

140 2903 208 2945 non
236 2882 421 2958 defuturos,
453 2883 509 2964 qui
536 2881 597 2944 Dei
627 2881 763 2943 verbum
788 2881 868 2942 intra
894 2900 964 2942 sese
996 2881 1169 2945 admittant.

140 2986 248 3064 Quare
274 2983 367 3045 ctiam
397 2982 472 3044 nihil
498 2982 601 3044 minus
629 2995 734 3058 curat,
763 3000 857 3064 quam
876 2984 927 3043 vel
946 2993 1012 3044 arte
1035 2982 1170 3045 circum-

138 3085 320 3158 veniendo,
353 3086 403 3146 vel
431 3082 464 3144 vi
485 3084 632 3164 cogendo
659 3084 845 3145 lucrifacere
866 3082 994 3146 Christo
1015 3084 1170 3149 homines.

138 3185 184 3247 Vi
203 3184 296 3245 verbi
323 3184 463 3246 conlidit.
513 3184 576 3246 Ubi
592 3183 694 3266 «igitur
720 3183 763 3246 illi
791 3194 878 3259 sunt,
907 3185 1024 3247 iterum
1046 3206 1168 3267 quaero,

139 3285 262 3348 deserti
294 3285 486 3361 Lutheraui,
524 3286 641 3369 quibus
676 3286 709 3346 in
745 3274 851 3369 aliqua'
879 3298 958 3365 puto
997 3288 1169 3348 solitudine

140 3384 335 3459 constitutis,
359 3407 440 3467 opus
456 3399 503 3449 est
516 3386 778 3450 convictoribus?
800 3387 871 3467 lpse
895 3387 1039 3468 quidem,
1061 3402 1169 3470 neque

139 3507 211 3547 cum
242 3488 281 3548 ad
307 3486 472 3551 Orientem
495 3510 546 3550 me
575 3499 683 3563 verto,
715 3509 821 3570 neque
846 3509 917 3548 curn
947 3489 986 3549 ad
1011 3488 1169 3551 Occiden-

138 3600 203 3650 tem
233 3588 387 3668 respicio,
430 3610 537 3672 neque
564 3609 636 3650 cum
662 3590 702 3650 ad
728 3588 899 3650 llleridiom
922 3589 1027 3670 dirigo
1045 3591 1168 3665 oculos,

137 3712 246 3774 neque
273 3713 347 3753 cum
375 3690 451 3754 inde
482 3693 521 3753 ad
549 3691 745 3772 Aquilonem
773 3689 911 3751 intentus
937 3711 1022 3765 sum,
1057 3712 1168 3772 quem·

138 3815 233 3875 quam
256 3792 365 3854 video.
404 3793 526 3854 Mirum
551 3792 607 3853 ubi
631 3796 744 3853 lateant
766 3791 878 3870 igitur,
897 3791 953 3873 qui
971 3813 1167 3874 mequoque

137 3895 260 3957 fallunt.
301 3892 334 3954 Si
361 3914 463 3973 prope
486 3905 575 3969 sunt,
610 3893 775 3975 quomodo
802 3892 1010 3968 factumest,
1049 3905 1084 3953 ut
1109 3896 1169 3954 Ba·

136 3996 220 4057 sileae
244 4015 317 4055 cum
335 4013 454 4067 essem,
479 4005 510 4054 et
534 4016 569 4057 se
588 3994 663 4056 mihi
680 3994 970 4055 circumlumlcrcnt
989 3995 1169 4076 agminatim

138 4095 316 4159 Lutherani
342 4096 505 4169 homines,
536 4096 691 4157 obscuros
715 4094 791 4157 istos
810 4115 877 4154 non
894 4092 1168 4174 persentiscerem,

136 4208 191 4260 aut
210 4197 268 4276 ipsi
290 4200 373 4259 ultro
396 4196 563 4258 consilium
581 4197 657 4259 mihi
680 4217 771 4257 suum
794 4214 861 4256 uon
887 4195 1168 4268 communicarent,

136 4311 260 4361 utuna
283 4298 492 4374 studuissem,
530 4317 651 4358 novum
679 4296 786 4359 lacere
814 4307 845 4356 te
871 4294 1096 4376 proselytum?
1134 4287 1170 4355 Si

136 4421 218 4462 vero
236 4402 334 4482 louge
356 4400 489 4477 absunt,
519 4419 617 4482 quam
643 4396 700 4460 tibi
726 4419 744 4459 a
766 4395 946 4482 longinquo
973 4398 1039 4460 vim
1059 4397 1168 4461 lacere
