2618 5108
373 97 846 290 'nrz-aev—-l
889 262 907 273 ⁹

587 790 777 894 Dialogus.
1131 795 1199 872 tto

156 982 325 1061 muna,
357 1003 493 1061 avaros,
519 980 726 1063 hbidinosos,
757 984 893 1063 infidos,
913 984 1090 1068 juventutis
1124 1007 1198 1054 cor·

154 1098 327 1171 ruptores,
361 1087 469 1170 legum
499 1085 701 1168 publicarum
726 1107 953 1169 perversores,
988 1088 1044 1172 qui
1075 1090 1195 1154 nemini

155 1187 299 1272 prosint,
329 1187 436 1252 multis
455 1196 611 1265 noceant,
644 1209 718 1251 cum
744 1189 836 1252 tantis
864 1187 991 1252 interim
1011 1190 1196 1255 criminibus

156 1287 411 1354 honestissimam
430 1289 626 1372 praetendant
644 1289 903 1370 appeliationem,
931 1291 1068 1372 spotiare
1087 1291 1196 1371 rebus,

158 1412 240 1477 qun
267 1412 336 1454 non
355 1401 460 1466 recte,
494 1390 663 1471 egentibus
686 1389 811 1454 interim
837 1389 930 1454 bonis
951 1400 983 1453 et
1007 1392 1096 1475 frugi
1119 1393 1198 1456 civi·

157 1491 220 1557 bns
290 1490 300 1507 '
340 1493 408 1553 iac
426 1491 544 1556 inertes
565 1490 627 1572 ipsi
645 1490 846 1575 possideant,
866 1502 899 1552 et
924 1491 1023 1573 patria
1045 1493 1094 1573 (in
1116 1516 1191 1580 qua,

158 1502 460 1735 &udinem
481 1613 640 1657 annonam
661 1594 808 1676 gravent)
827 1591 983 1676 exigere?
1153 1625 1164 1653 a

564 1726 766 1790 Monitor.

141 1918 144 1926 Ι
193 1821 492 2019 ...We
512 1826 677 1907 Bojemis‚
696 1825 816 1910 putas?

141 1888 200 1979 d
392 2000 395 2005 ·
556 1962 810 2027 Franciscus.

235 2058 240 2067 “
291 2070 404 2127 anttutt
418 2073 538 2128 eventu
557 2075 671 2148 postea
689 2062 809 2146 patuit,
830 2059 902 2126 tuit.

585 2197 779 2261 Monitor.

234 2276 368 2360 Videris
399 2297 482 2360 velle
513 2294 636 2362 imitare
666 2298 784 2362 sactum
813 2298 914 2374 illius,
953 2296 981 2359 si
1012 2293 1117 2379 possis
1145 2291 1198 2358 bic

156 2390 163 2397 ’
206 2416 306 2482 oque.

553 2516 811 2583 Franciscus.

234 2615 311 2680 Non
331 2615 464 2680 omnino
495 2618 611 2694 nolim,
641 2619 798 2704 siqnidem
824 2617 1024 2700 propositum
1048 2615 1111 2677 boc
1137 2609 1198 2674 illis

158 2716 215 2793 sit,
235 2737 343 2802 neque
363 2723 479 2800 parere
499 2720 646 2797 monitis,
678 2743 786 2805 neque
817 2721 935 2783 cedere
967 2712 1197 2796 objurgationi,

103 2826 234 3001 *rue
252 2818 339 2883 enim
359 2819 435 2904 cogi
454 2841 512 2885 eos
532 2843 666 2887 necesse
685 2822 756 2886 erit.

578 2957 617 3018 M
627 2977 646 3019 ο
656 2957 694 3019 ni
704 2967 777 3019 tor.

231 3052 266 3117 Si
288 3062 322 3118 te
341 3055 600 3121 execrationibus
621 3079 702 3122 vero
716 3055 900 3145 Pontifex,
913 3063 945 3117 et
957 3049 1034 3116 diris
1046 3044 1198 3131 impetat?

546 3191 805 3255 Franciscus.

229 3287 317 3354 Nihil
337 3292 458 3375 egerit,
487 3291 551 3375 jam
569 3296 632 3358 hoc
656 3305 767 3378 peetus
789 3291 883 3354 habet
902 3286 1005 3364 enim,
1037 3305 1105 3371 quo
1126 3304 1197 3346 mu·

147 3388 275 3468 niatur,
309 3408 422 3457 contra
440 3394 547 3456 inania
573 3393 752 3459 istiusmodi
773 3393 934 3457 terricula.
987 3395 1059 3472 Qua
1076 3382 1196 3450 fiducia

148 3490 275 3558 absolvi
295 3515 314 3557 a
333 3493 407 3557 Deo
427 3517 495 3572 me„
516 3490 590 3558 cum
608 3498 648 3559 ab
667 3497 733 3561 istis
754 3497 907 3571 damnor,
927 3502 1019 3575 puto.

572 3615 773 3678 Monitor.

159 3718 162 3723 ’
226 3711 311 3777 Nihil
330 3713 420 3778 dabis
440 3717 667 3780 consuetudini
696 3736 799 3792 vero,
830 3713 883 3777 cui
901 3710 1030 3795 penitus
1049 3707 1193 3773 inoleve-

150 3827 226 3879 runt
243 3816 328 3882 ista?
1161 3894 1163 3899 Ι

548 3937 812 4002 Franciscus'
1089 3919 1111 3961 ⁶

225 4035 315 4116 Quid
346 4037 457 4101 darem
483 4019 683 4128 non.2bonae²?
716 4056 756 4102 an
784 4037 896 4100 malam
923 4022 1218 4099 consuetudinem..-

144 4155 215 4199 uon
233 4137 344 4201 decuit
363 4139 523 4203 immutari
544 4160 689 4223 semper,
714 4142 746 4203 dt
766 4135 919 4201 aboleri?

567 4259 766 4322 Monitor.

221 4355 329 4420 Etiam
358 4379 442 4421 nunc
474 4360 591 4423 decere
622 4361 777 4435 arbitror,
813 4336 978 4420 sedbanc
1006 4354 1058 4419 isti
1078 4355 1191 4416 malam

141 4467 257 4539 putant
283 4458 424 4524 minime.
470 4464 580 4544 Quare
598 4462 704 4526 multis
724 4461 819 4524 etiam
838 4481 881 4522 ex
900 4458 1046 4542 profanis
1066 4459 1192 4539 placere

178 4578 247 4626 butt
259 4578 306 4639 Op.
324 4579 352 4626 T.
364 4579 407 4630 ltr'.
808 4567 849 4630 10
