2618 5108
352 832 355 839 ·
385 794 432 867 nd
456 792 827 903 SpongiamErasmi.
1042 801 1115 871 623

101 998 154 1049 aut
172 987 328 1066 postulato
348 984 421 1066 jure
440 983 616 1062 conjiceret
643 984 677 1046 in
703 1004 878 1060 carcerem,
910 996 1040 1068 rogatus
1060 999 1113 1051 est

100 1088 138 1147 ab
158 1087 262 1149 amicis
281 1088 458 1160 Harenas,
490 1096 526 1146 ut
542 1085 705 1148 modicum
730 1086 921 1150 subduceret
948 1106 993 1148 se.
1031 1088 1113 1152 llam
1203 1128 1205 1132 ι

99 1187 140 1248 de
167 1189 271 1267 capite
289 1207 349 1249 suo
377 1206 463 1248 nunc
487 1185 555 1267 agi,
580 1196 612 1248 et
637 1198 758 1266 paratas
778 1205 848 1249 esse
867 1184 1007 1249 insidias.
1043 1187 1112 1264 llle‚'
1192 1214 1203 1226 -

98 1307 218 1348 morem
238 1307 352 1367 gerens
371 1284 496 1362 amicis,
523 1285 644 1366 recepit
661 1309 788 1350 rursum
807 1307 842 1350 te
860 1286 894 1349 in
913 1287 1113 1350 Germania·

99 1387 313 1465 superiorem,
343 1384 398 1447 ubi
423 1387 457 1447 in
490 1384 601 1446 itinere
627 1407 698 1450 cnm
718 1389 909 1451 Hochstrato
927 1385 974 1448 sic
991 1408 1042 1450 rea
1062 1398 1113 1451 est

100 1497 182 1561 acta,
204 1508 298 1569 quam
316 1486 475 1549 referente
495 1507 535 1549 eo
554 1488 713 1568 cognovi:
745 1486 881 1568 Stipatus
900 1497 967 1549 erat
992 1488 1114 1571 aliquot

100 1586 208 1669 emtis,
242 1587 328 1648 venit
357 1587 484 1649 obviam
509 1589 717 1650 Hochstratus
743 1587 897 1670 sophista,
928 1588 1051 1670 agnitus
1079 1598 1112 1652 et
1158 1599 1160 1604 ’

100 1689 345 1767 comprehensus
375 1698 431 1751 est.
494 1689 577 1751 Tum
605 1689 688 1751 illico
718 1687 888 1751 incendens
917 1689 951 1750 in
982 1689 1113 1751 bestiam

103 1789 281 1851 Huttenus:
312 1790 402 1852 Heus
433 1799 465 1852 te
489 1810 590 1867 nunc,
629 1788 748 1872 inquit,
782 1787 1052 1854 sceleratissimum
1081 1799 1115 1850 et

100 1889 344 1967 perditissimum
375 1890 574 1967 mortalium,
612 1889 748 1953 incidisti
783 1891 908 1953 tandem
934 1889 1113 1969 inoptatae

100 1991 225 2050 manus!
258 1972 433 2069 Qua‘nunc
457 2011 536 2052 nece
553 1990 719 2053 conficiam
737 2001 787 2067 te,
817 1988 1031 2052 crudelissime
1056 2010 1113 2052 ne·

100 2086 204 2150 bulo?
224 2099 270 2163 et,
292 2108 367 2150 ense
388 2088 520 2151 exitium
538 2089 700 2154 minitansr
720 2091 791 2167 Sta,
810 2089 930 2173 inquit,
950 2090 1113 2155 hominum

102 2187 368 2271 pestilentissime,
400 2187 524 2252 inimice
543 2189 720 2269 bonorum,
750 2188 849 2254 hostis
867 2188 1027 2254 veritatis!
1047 2211 1115 2254 nou

100 2292 236 2370 polluam
273 2310 378 2351 meum
406 2310 590 2353 mucronem
620 2302 676 2353 tuo
711 2290 906 2375 nequissimo
940 2290 1111 2372 sanguinei

103 2394 187 2452 Tum
212 2390 306 2452 miser
336 2390 518 2471 desperatus
541 2402 574 2453 et
600 2392 750 2455 exanimis
775 2392 911 2455 cucullio
942 2392 1113 2474 procidens

102 2493 141 2553 ad
163 2513 284 2574 genua:
305 2492 455 2572 Ignosce,
474 2491 595 2575 inquit,
613 2492 761 2575 ignosce,
781 2492 898 2574 optime
918 2501 950 2554 et
961 2492 1114 2556 strenuis·

101 2597 178 2657 sime
198 2592 262 2667 vir,
283 2593 439 2654 Huttcnel
454 2632 493 2647 -
510 2593 587 2654 Haec
597 2592 733 2655 historie
752 2613 872 2655 summa
886 2602 935 2655 est
952 2602 986 2655 et
1002 2584 1112 2672 caput;

101 2693 185 2755 aliud
205 2713 277 2753 cum
295 2693 484 2754 Hochstrato
504 2703 607 2756 actum
626 2692 702 2755 nihil
721 2703 779 2754 est.

175 2796 371 2856 Erasmus.
409 2795 569 2877 Huttenus
607 2793 668 2857 sibi
703 2793 795 2856 fortis
830 2791 975 2866 ridetur,
1014 2790 1042 2852 si
1068 2811 1111 2852 err

100 2896 216 2976 angulo
237 2893 387 2976 quopiam
405 2894 521 2957 dictum
539 2894 669 2977 aliquod
686 2893 778 2971 jaciat
795 2890 830 2955 in
847 2893 932 2956 hunc
950 2902 1004 2954 aut
1018 2891 1113 2970 illum,

100 3006 131 3057 et
150 2996 235 3070 telo,
256 2995 344 3077 quod
364 2993 469 3074 ajunt,
487 2994 625 3057 immisso
644 2994 756 3077 lugiet.
821 3027 823 3032 =
1108 3064 1113 3073 ⁴

175 3096 281 3158 Otto.
319 3095 371 3157 An
400 3116 465 3157 non
485 3094 620 3177 subjecit
646 3094 912 3157 nomenclaturam
929 3094 1111 3175 expostula·

99 3197 202 3259 tioni?
233 3196 404 3276 Quomodo
430 3215 510 3279 ergo
529 3217 572 3258 ex
590 3196 706 3276 angulo
727 3192 922 3257 conviciatur
950 3202 981 3256 et
1006 3191 1111 3275 sugit?

101 3297 198 3377 Quod
225 3294 252 3357 si
281 3315 365 3357 nunc
393 3295 537 3375 vireret,
569 3296 696 3369 ,rideres
724 3305 827 3372 certe,
859 3304 1010 3378 quantum
1028 3303 1112 3355 esset
1185 3342 1188 3354 .

100 3397 258 3477 fugiturus
278 3406 321 3457 te.

62 3547 64 3552 2
175 3501 371 3560 Erasmus.
408 3497 605 3582 Nonagitur
634 3498 675 3560 de
693 3496 830 3561 articulis
848 3495 940 3572 fidei,
969 3492 1041 3557 sed:
1070 3513 1111 3553 an

98 3601 288 3682 principatus
309 3599 444 3661 Romani
464 3599 629 3661 Pontificis
646 3599 687 3661 sit
706 3597 880 3670 aClrriat03
903 3615 943 3657 an
959 3592 1112 3656 Cardine·

97 3704 174 3764 lium
194 3703 274 3764 ordo
294 3699 334 3763 sit
352 3690 562 3763 necessarium
581 3699 754 3762 membrum
772 3697 936 3769 Ecclesiae3
965 3715 1005 3757 an
1034 3713 1112 3755 cou-

25 3848 30 3857 .
100 3803 196 3862 lessio
218 3802 257 3862 sit
275 3801 314 3862 ab
334 3814 445 3864 autore
466 3799 619 3864 Christo?

191 3901 297 3962 Otto.
334 3904 409 3964 Non
435 3901 539 3983 agitur
563 3902 604 3963 de
631 3898 768 3963 articulis
786 3896 886 3963 fidei?
911 3900 1001 3979 Quor
1030 3918 1110 3976 ergo

98 4011 134 4060 tu
153 3999 247 4060 habes
267 4000 414 4065 articulos
432 4003 531 4066 fidei?
551 4002 651 4066 Nobis
671 4002 819 4065 articulus
839 4001 913 4063 lidei
932 4010 996 4062 cst:
1025 3998 1111 4079 prin-

99 4100 234 4180 cipatum
249 4101 384 4162 llomani
403 4086 583 4179 Pontilicis,
604 4113 640 4164 ut
657 4123 742 4164 nunc
761 4111 886 4177 est,·ex
904 4097 1060 4173 Diabolo,
1080 4109 1112 4160 et

60 4232 62 4239 ·
98 4224 140 4263 ex
153 4192 314 4282 scripturis
333 4222 398 4262 non
413 4221 493 4265 esse.
508 4241 543 4256 -
562 4203 774 4265 cardinalium
787 4220 933 4281 pompam
947 4208 980 4259 et
996 4200 1109 4260 fastum

97 4323 163 4362 non
184 4323 254 4364 csse
273 4324 314 4364 ex
334 4304 528 4385 Evangelio,
559 4305 616 4365 sed
634 4304 853 4384 pedissequam
877 4298 1024 4364 familiam
1042 4300 1110 4360 An-

98 4403 249 4468 tichristi:
283 4394 432 4468 articulus
458 4405 535 4468 fidei
559 4415 615 4468 eat.
646 4436 684 4453 ··-
714 4401 892 4486 Episcopus
919 4420 985 4464 uon
1014 4416 1110 4480 posse
