2618 5108
296 784 408 855 Mart.
433 777 585 864 Luthcri
611 777 657 849 ad
681 771 845 852 Amicum
870 775 984 874 Epist.
1069 776 1162 851 aba

146 977 179 1037 iu
208 996 257 1038 ruc
287 977 388 1038 solum
414 975 566 1039 insaniat:
597 972 627 1033 id
660 971 749 1053 quod
768 973 917 1033 Erasmus
941 968 973 1030 iu
1001 989 1051 1030 ruc
1071 976 1163 1029 vocat

146 1076 352 1157 pervicaciam
370 1074 539 1139 asserendi.
578 1073 640 1135 Sed
661 1073 716 1154 qui
735 1071 875 1146 videam,
916 1068 1073 1131 homiuem
1093 1087 1163 1131 esso

148 1188 208 1238 tam
237 1178 332 1259 louge
367 1176 406 1237 ab
433 1176 592 1238 intellectu
627 1170 871 1236 Christianarum
898 1192 1020 1245 rerum,
1060 1169 1163 1254 (quod

147 1277 298 1339 hactenus
319 1297 386 1337 uon
404 1286 563 1356 putaram,
597 1271 656 1335 ctsi
676 1272 843 1355 aliquando
860 1272 1051 1352 suspicarer)
1071 1268 1165 1332 facilc

149 1377 270 1457 patior,
306 1387 341 1437 ut
361 1398 410 1438 mc
436 1386 530 1436 vocet
557 1393 752 1455 quocunque
772 1375 859 1433 volet
884 1372 1029 1446 uomiue,
1061 1372 1164 1433 donec

150 1497 274 1537 causam
303 1473 443 1554 attingat.
506 1458 709 1551 Propositum
744 1484 790 1534 est
821 1473 904 1534 euim
934 1472 1028 1547 mihi,
1059 1490 1165 1554 neque

152 1577 247 1639 uitam
287 1595 392 1656 neque
430 1595 535 1636 mores
567 1575 648 1635 veile
683 1573 784 1649 tucri,
814 1574 880 1636 sed·
901 1575 998 1634 solam
1030 1586 1165 1647 causam,

151 1675 289 1738 Iacerent
309 1694 372 1736 me
403 1695 572 1758 moresque
605 1668 709 1736 meos*
727 1667 909 1757 quicunque
947 1674 1060 1751 velint,
1088 1664 1169 1737 sicut

80 1856 84 1863 Ι
150 1779 300 1840 hacteuus
318 1774 402 1850 ieci,
435 1773 500 1836 imo
526 1773 585 1836 itlis
612 1775 710 1854 patum
737 1773 832 1835 vitam
862 1774 1011 1858 ipsamiu
1031 1796 1169 1858 corpore

152 1877 274 1950 debeo,
295 1886 327 1935 ct
346 1895 490 1956 maguam
510 1885 630 1955 partem
643 1873 764 1935 fiduciae
782 1874 909 1956 spiritus
925 1877 1003 1952 mei,
1023 1876 1080 1960 qui
1095 1877 1170 1941 mihi

153 1974 347 2038 atrocissime
369 1974 557 2037 maledicunt
586 1983 617 2034 ct
640 1975 824 2036 traducunt:
849 1986 968 2057 tautum
998 1977 1103 2054 abest,
1135 1991 1171 2041 ut

153 2077 265 2134 vellem
285 2075 408 2135 Erasmi
427 2073 527 2154 gloria
546 2084 598 2134 aut
615 2075 746 2136 uomiue
764 2076 848 2139 vehi.
886 2077 1010 2138 Moeror
1030 2090 1077 2142 ost
1095 2079 1171 2141 mitri

131 2175 187 2237 'et
216 2171 309 2234 timor
336 2168 369 2233 iu
388 2172 532 2235 laudibus
558 2173 653 2248 meis,
684 2171 834 2257 gaudium
854 2193 933 2237 vero
953 2171 1171 2242 in-malediotis

156 2286 188 2351 ct
216 2273 425 2356 blasphemiis.
481 2272 514 2334 si
544 2273 609 2335 hacc
640 2285 713 2334 suut
735 2269 867 2337 Erasmo
897 2276 1065 2355 mirabilia,
1096 2269 1173 2351 nihil

155 2372 266 2438 miror.
303 2375 411 2437 Discat
429 2372 588 2435 Christum
605 2384 639 2434 et
657 2372 820 2435 valefaciat
833 2362 974 2439 humanae
990 2372 1175 2459 prudentia.

137 2473 311 2538 'Dominus
331 2473 484 2535 illuminet
508 2494 596 2548 cum,
620 2484 650 2534 ct
670 2474 762 2534 atium
783 2468 878 2536 iaciat
896 2476 997 2539 virum
1018 2502 1060 2541 ex
1079 2481 1168 2545 Eram

132 2565 237 2657 'moa
263 2585 294 2633 et
320 2594 429 2636 omues
457 2595 516 2637 uos
544 2571 637 2636 simul
655 2571 762 2634 servet
780 2585 812 2651 et
831 2587 955 2659 augeat.
1003 2568 1077 2641 Hoc
1096 2593 1175 2663 opto
1222 2619 1227 2629 ·

157 2671 341 2749 exanimo,
375 2683 526 2756 quantum
546 2672 681 2735 donatur
709 2685 828 2756 optare.
866 2668 962 2753 Vale,
982 2679 1036 2740 ’rui
1055 2682 1113 2744 ΝΛ
1140 2691 1177 2751 et

158 2772 343 2844 Erasmum,
374 2771 400 2835 si
421 2771 555 2853 patitur,
576 2772 675 2834 saluta
702 2786 774 2837 mco
797 2775 936 2838 contine.
973 2772 1083 2841 Nihil
1074 2799 1108 2840 ιιι
1125 2798 1177 2840 mc

157 2880 205 2934 est
233 2891 309 2954 erga
335 2893 408 2934 cum
434 2871 555 2955 asperi,
575 2870 632 2933 sed
660 2893 736 2933 vere
761 2860 1024 2986 misericordia,
1029 2899 1124 2958 quam
1149 2877 1178 2940 si

157 2969 344 3045 coutemnit,
389 2982 421 3034 ct
447 2968 546 3054 magis
576 2967 661 3033 forte
694 2983 816 3075 sperat,
846 2995 925 3054 quae
950 2964 1017 3058 ipse
1050 2966 1178 3061 cogitat,

157 3066 258 3131 libens
283 3067 454 3150 perdidero
474 3076 506 3132 et
524 3072 586 3133 hoc
607 3082 726 3133 votum.
745 3105 782 3118 -
808 3062 1050 3156 wicenburgae,
1078 3077 1177 3160 prima

160 3167 291 3230 Octobr.
311 3169 407 3230 Auno
427 3168 475 3231 Μ
495 3168 535 3233 IJ.
556 3156 681 3234 xxm.
769 3162 777 3269 ’1

579 3454 756 3485 -Η-ι-ι-έ.
850 3486 853 3493 ,
