2618 5108
229 79 624 283 Μήνα-ιν.
669 248 685 258 ¹⁰

520 730 787 832 Expostulatio.
1101 736 1172 816 869

130 912 247 993 ¹nolint
278 927 388 1008 avelli,
430 949 526 1012 quam
559 927 599 991 ab
625 926 694 1011 ipsa
720 929 854 992 veritate
881 929 1112 1014 etEvangelio
1136 930 1171 994 iu

138 1022 266 1093 diveria
284 1028 426 1106 traduci,
446 1032 508 1094 hoc
527 1031 637 1092 dolent
655 1029 875 1112 gravissimum
898 1031 953 1096 abs
970 1045 1002 1095 te
1016 1033 1171 1098 inflictum

135 1133 254 1194 vulnus
273 1130 363 1206 sibi,
395 1142 430 1193 ut
458 1152 525 1193 non
552 1144 673 1195 tanturn
695 1132 842 1209 deseras,
872 1134 930 1197 sed
956 1156 1028 1197 cum
1057 1136 1171 1197 adver·

136 1231 229 1297 sariis
258 1252 394 1315 quoque
417 1231 600 1294 societatem
620 1244 730 1297 contra
757 1255 792 1298 se
816 1233 943 1317 jungas.
983 1237 1108 1298 Verum
1126 1234 1172 1297 ita

136 1332 300 1407 arrident,
329 1355 399 1415 quse
429 1335 563 1395 afferunt
588 1333 667 1395 novi
693 1335 794 1411 socii,
830 1347 865 1398 ut
892 1348 1001 1400 nostra
1020 1338 1172 1401 sordeant

138 1433 242 1498 iacile.
262 1435 315 1496 Sic
331 1435 380 1496 iila
394 1446 426 1496 te
440 1435 594 1498 inescavit
609 1435 726 1516 injecta
743 1437 792 1499 ori
808 1449 863 1500 tuo
880 1439 932 1515 (ab
948 1439 1028 1500 urbe
1041 1437 1172 1522 quidem

141 1536 264 1611 Roma,
285 1537 425 1627 credo,)
448 1537 530 1612 offa,
551 1547 591 1598 ut
601 1550 687 1599 recte
705 1560 837 1601 nauseas
854 1542 928 1602 hacc.
968 1539 1080 1623 ltaque
1101 1538 1171 1602 illos

142 1637 349 1711 intromittis,
369 1659 429 1699 nos
450 1658 530 1699 vero
544 1637 669 1718 penitus
684 1640 788 1703 animo
803 1640 910 1721 ejicis,
930 1639 958 1704 si
972 1663 1034 1723 qua
1046 1642 1171 1704 ratione

140 1760 297 1822 quaeram,
318 1738 425 1801 dicere
446 1760 510 1800 non
532 1739 651 1820 possis:
671 1741 698 1805 si
719 1763 784 1824 quo
805 1754 914 1817 motu,
936 1741 1029 1805 nolis.
1068 1741 1172 1821 Igitur

138 1840 301 1916 conjicere
330 1839 375 1900 ibi
400 1838 488 1915 licet,
521 1852 641 1903 certum
676 1843 757 1905 scire
787 1864 854 1904 non
883 1842 964 1905 licet.
1004 1844 1046 1905 Et
1065 1853 1171 1906 tamen

140 1940 328 2021 hujusmodi
349 1951 395 2001 est
414 1943 479 2002 haec
499 1941 634 2004 instituti
654 1944 861 2022 permutatio,
891 1954 926 2004 nt
945 1943 1006 2007 nisi
1026 1953 1172 2007 accurate

143 2042 285 2104 adhibito
313 2041 463 2116 consilio,
494 2043 565 2106 fieri
584 2065 649 2105 non
670 2043 828 2106 debuerit.
867 2046 986 2109 Omnes
1007 2055 1094 2107 certe
1113 2044 1172 2106 mi-

142 2154 274 2217 rantur,
301 2154 397 2224 atque
422 2143 518 2223 igitur
538 2164 647 2206 causas
666 2145 748 2208 scire
766 2157 933 2227 expetunt.
981 2145 1067 2227 Quid
1087 2143 1174 2210 enim

143 2264 267 2308 novum
288 2242 403 2324 magis,
424 2265 518 2326 quam
538 2246 597 2307 tale
619 2245 780 2327 quidpiam
798 2247 840 2309 de
859 2259 894 2310 te
910 2246 1039 2310 audiri?
1065 2257 1174 2313 Eros.

142 2373 214 2412 mus
231 2357 379 2412 Romano
397 2355 550 2423 Pontifici
567 2374 634 2410 sese
652 2358 787 2413 dedidit.
834 2348 887 2413 Ab
908 2369 949 2411 eo
970 2349 1003 2411 in
1021 2348 1175 2414 mandatis

144 2449 255 2522 habet,
288 2468 329 2508 ne
362 2446 444 2508 desit
470 2449 630 2510 autoritati
656 2452 741 2512 sed'a
761 2451 964 2529 Apostolicae.
1001 2451 1078 2513 'Hoc
1098 2451 1177 2536 quid

142 2548 312 2623 aliud-est,
335 2569 445 2629 quam,
466 2559 632 2612 Herculem
649 2551 682 2611 in
698 2551 896 2613 autoritatem
913 2561 1083 2632 Omphales
1099 2574 1178 2615 con·

144 2651 296 2724 cessisse,
318 2652 425 2710 colum
439 2661 634 2730 gestantem,
655 2653 734 2713 hanc
753 2652 792 2712 ab
805 2651 857 2712 illo
871 2674 1006 2733 pensum
1020 2651 1178 2736 exigere?

147 2754 309 2833 Quantum
329 2751 407 2813 sacis
428 2763 541 2831 praeter
560 2753 714 2814 decorum
735 2753 893 2814 Erasme‘?
914 2752 961 2814 llli
981 2774 1061 2815 vero
1082 2773 1178 2836 quam

148 2852 273 2935 indigni
291 2863 381 2927 sunt,
412 2851 519 2933 quite
540 2863 669 2915 utantur
692 2852 875 2915 administro
896 2852 1099 2935 ubicunque,
1120 2875 1178 2916 ne·

145 2955 222 3018 dum
260 2954 302 3016 ad
334 2974 473 3036 quorum
502 2953 750 3032 improbissimas
780 2952 986 3033 cupiditates,
1014 2954 1176 3019 infandam

147 3055 330 3128 libidinem,
365 3053 551 3136 pericliteris
586 3056 626 3116 de
656 3055 737 3117 sama
770 3067 801 3116 et
831 3058 930 3116 salute
957 3065 1003 3119 tu.
1058 3059 1176 3139 Quaeso

146 3156 251 3230 enim,
279 3154 385 3235 cogita
402 3167 521 3230 tecum,
561 3156 677 3237 quibus
709 3156 889 3219 hominibus
917 3154 973 3219 fias
1003 3157 1176 3235 obnoxius,

80 3293 85 3299 ·
146 3276 231 3337 quos
254 3255 358 3316 officio
377 3258 558 3318 assecteris:
585 3279 699 3337 nempe
721 3279 795 3332 eos,
828 3257 884 3340 qui
904 3259 1005 3320 omnia
1029 3262 1176 3322 honesta·

146 3355 186 3416 tis
225 3366 475 3436 contemptores,
525 3359 631 3437 legum
673 3379 709 3420 ac
746 3358 869 3437 pietatis
912 3369 1175 3443 transgressores,

147 3455 252 3520 bonos
272 3477 377 3520 mores
404 3458 593 3537 depravant,
622 3460 716 3519 tidem
744 3461 934 3534 excludunt,
962 3459 1176 3522 innocentiam

145 3556 281 3634 viciant,
302 3557 489 3640 religionem
508 3558 657 3633 irrident,
679 3579 750 3620 curn
770 3559 901 3621 veritate
919 3561 1035 3622 bellum
1051 3569 1177 3642 gerunt,

147 3659 325 3741 Evangelio
343 3661 449 3722 hostes
466 3671 549 3722 sunt.
589 3660 641 3722 Art
657 3660 732 3722 tales
753 3659 937 3739 transfugis.
976 3660 1101 3722 'l'ulium
1120 3657 1179 3721 im·

143 3773 253 3843 perata
274 3762 381 3822 iacere
402 3782 509 3840 paras;
530 3771 562 3820 et
581 3760 643 3840 jam
663 3782 779 3823 navare
797 3781 927 3840 operam
948 3761 1110 3843 ingressus
1132 3782 1178 3824 ea.

145 3864 216 3927 Jam
237 3862 369 3943 aliquod
388 3863 503 3924 dedisti
523 3864 581 3925 illis
602 3862 648 3925 tui
669 3862 840 3943 specimen.
880 3863 968 3923 Elata
988 3874 1062 3924 sunt
1075 3863 1178 3946 signa.

147 3965 241 4026 'l'uba
272 3960 397 4023 cecinit.
449 3965 562 4026 Teium
589 3964 769 4041 conjectum
799 3974 856 4023 est.
883 3963 1034 4044 ,Rupisti
1055 3985 1177 4044 pacem,

145 4071 262 4128 vulnus
292 4064 414 4140 fecisti,
445 4068 605 4127 modestus
641 4069 734 4146 paulo
767 4075 838 4125 urite
869 4065 1036 4140 Erasmus,
1069 4066 1177 4128 subito

146 4169 307 4247 impotens
322 4165 520 4229 Curtisanus.
562 4172 638 4248 Quae
658 4165 759 4245 major
776 4178 836 4226 tam
857 4175 988 4245 repente
1008 4164 1178 4227 alienatio?

149 4269 230 4348 Ouis
252 4280 283 4330 te
304 4279 415 4329 noscet
435 4272 580 4349 posthac,
603 4281 656 4330 aut
676 4269 720 4331 sic
741 4267 857 4329 habere
877 4269 941 4329 hacc
961 4266 1091 4328 credet?
1112 4265 1179 4346 Qui

146 4373 302 4455 sepultam
334 4391 437 4448 nuper
472 4369 619 4452 pictatem
650 4371 868 4521 ret‘odiebas2
893 4367 1104 4452 Evangelium
1136 4387 1177 4429 ex

182 4471 425 4527 mamam
822 4461 842 4523 2
1181 4464 1183 4468 ·
