2618 5108
206 836 276 913 rsa
414 872 417 877 ·
541 812 700 934 Spongia
723 835 865 909 erasmi

207 1030 346 1111 unquam
373 1027 433 1090 tale
459 1026 612 1108 perlatum
633 1038 681 1091 est
709 1027 748 1089 ad
772 1048 839 1104 me,
870 1048 931 1089 nee
955 1048 1017 1110 ego
1054 1026 1231 1110 quicquam*

205 1130 266 1189 tale
295 1127 336 1189 de
361 1126 414 1187 illo
432 1128 619 1206 suspicatus
647 1149 742 1190 sum.¹
775 1126 861 1190 Fuit·
881 1128 955 1190 olim
978 1125 1058 1190 mihi·
1079 1147 1150 1188 cum
1170 1126 1225 1186 illo

205 1226 342 1291 Lovanii
355 1225 453 1288 civilis
468 1226 615 1302 amicitia,
637 1238 679 1302 et,
691 1238 726 1288 ut
738 1226 805 1307 ipse
821 1227 939 1304 scribit,
955 1228 1086 1289 societas
1102 1225 1228 1288 studim

204 1350 294 1403 rum;
322 1347 545 1409 necunquam
571 1327 653 1389 sensi
689 1327 825 1389 animum
852 1330 932 1391 illius
962 1329 996 1390 in
1028 1338 1079 1389 m'e
1112 1346 1226 1406 parum

204 1427 348 1490 amicum.
388 1427 473 1509 Quid
494 1438 598 1489 autem
613 1428 653 1488 dc
668 1426 721 1488 illo
736 1428 888 1507 praedico,
909 1428 969 1491 nisi
988 1428 1102 1489 bonam
1123 1446 1223 1506 spem,

207 1538 301 1611 quam
326 1527 409 1589 illius
438 1532 599 1601 senectus,
630 1539 782 1606 perpetua
819 1529 980 1612 integritas
1015 1537 1048 1587 et
1085 1524 1226 1588 eruditio

204 1627 296 1691 rlobis
316 1627 506 1709 porrigunt?
525 1628 613 1689 Istud
635 1629 753 1690 hortari
772 1629 869 1708 magis
887 1639 950 1704 cst,
973 1646 1066 1711 quam
1084 1627 1224 1688 laudare.

205 1727 367 1791 Praeterita
397 1726 509 1802 laudo,
540 1727 579 1788 de
607 1726 722 1810 quibus
750 1730 775 1790 si
801 1729 932 1792 mentiar
964 1727 1064 1790 refelli
1093 1727 1223 1808 possim.

203 1826 254 1890 De
273 1827 386 1889 laturis
409 1827 490 1888 bene
512 1826 644 1889 ominor.
665 1828 807 1891 Proinde
822 1828 891 1910 quis
909 1849 973 1890 nou
988 1826 1112 1902 videat,
1129 1846 1227 1908 quam

203 1940 268 1990 non
289 1927 431 2010 apposite
452 1927 607 1989 adhibitus
632 1929 672 1989 sit
697 1926 788 2008 jocus
817 1930 952 1991 insulsus
971 1928 1136 2002 Humano,
1165 1926 1226 1990 ista

202 2024 315 2103 l'acies,
344 2048 363 2089 o
391 2027 529 2088 Timon!
566 2030 609 2090 Et
627 2038 730 2090 tamen
750 2028 824 2090 nihil
844 2026 1011 2104 addubito,
1043 2027 1120 2110 quin
1140 2027 1230 2089 Hal--

202 2138 293 2190 tenus
312 2127 362 2190 hic
380 2127 440 2189 sibi
459 2128 604 2189 videatur
626 2129 703 2190 mire
723 2129 866 2190 festivus.
904 2127 967 2189 Sed
987 2137 1057 2188 anto
1079 2147 1229 2206 pronum·

202 2227 367 2305 tiaveram,
389 2228 536 2302 „minime
554 2228 673 2292 bonum
686 2229 826 2290 futurum
838 2275 846 2303 ,
858 2235 872 2261 ‘¹
892 2248 963 2289 cum
982 2248 1143 2310 nunquam
1164 2226 1229 2290 sim'

205 2328 348 2390 Hutteno
389 2330 430 2390 de
459 2331 521 2390 hoc
547 2329 703 2390 Pontifice
734 2331 867 2390 locutus.
906 2329 1108 2408 lmputlenter
1133 2328 1221 2404 lacit,

201 2426 258 2510 qui
277 2428 348 2502 hoc,
370 2447 411 2487 ex
431 2427 536 2511 aliquo
556 2441 740 2509 compotore
760 2427 1006 2502 auditum,·mihi
1027 2429 1112 2505 apud
1133 2428 1254 2501 orbis',

202 2522 337 2588 tribunal
362 2526 483 2588 crimini
511 2527 649 2608 objiciat.
704 2528 797 2614 Dixi,
824 2549 873 2590 me
903 2528 1008 2590 vereri
1039 2550 1080 2590 ne
1107 2549 1221 2609 parum

102 2695 104 2699 ¹
201 2649 308 2710 aequus
331 2639 413 2690 esset
431 2629 591 2703 Luthcro;
626 2630 665 2691 de
685 2629 802 2691 ceteris
823 2651 982 2710 nunquam
1002 2629 1220 2708 pronuntiavi,

202 2750 391 2813 quamquam
421 2730 601 2791 ostenderet
631 2739 814 2811 argumenta
838 2729 929 2789 animi
950 2729 1104 2808 cupientis
1125 2729 1221 2794 etiam

201 2830 376 2892 Romanam
389 2827 517 2892 Curiam
536 2829 575 2890 ad
593 2830 752 2893 meliorem
771 2830 896 2908 frugem
910 2849 1073 2892 revocare.
1110 2831 1220 2893 Porro

200 2932 288 3014 quod
313 2931 372 3006 ait,
412 2930 560 3011 agitatum
583 2931 623 2991 de
645 2950 715 3004 me,
737 2941 772 2990 ut
791 2951 850 3008 pro
872 2928 1017 2990 haeretico
1045 2928 1215 3008 arriperet,

107 3072 110 3076 -
200 3031 316 3105 c'redo,
337 3029 484 3111 jactatum
504 3041 535 3091 et
554 3040 693 3109 optatum
713 3051 729 3091 a
752 3029 938 3112 quibusdam
957 3029 1086 3092 furiosis
1106 3049 1220 3093 mona·

199 3128 276 3190 abis.
314 3130 400 3191 luter
408 3122 571 3209 Principes
586 3138 744 3212 uunquam
756 3132 816 3191 hoc
833 3141 879 3191 est
899 3141 1010 3192 actum.
1048 3131 1215 3196 Habebam

199 3237 231 3289 et
256 3228 287 3288 in
308 3228 458 3310 Hispania
484 3228 614 3306 amicos,
652 3230 742 3304 huic,
775 3229 830 3312 qui
858 3250 941 3290 nuuc
974 3241 1020 3291 est
1047 3231 1213 3310 Pontifex,

199 3327 381 3411 proximosz
425 3329 575 3391 habebam
612 3340 644 3389 et
670 3331 777 3391 Romae
807 3330 882 3390 vivo
913 3331 1043 3406 Leone,
1079 3335 1213 3396 multum

200 3427 363 3492 dissimiles
390 3429 550 3490 Hutteuo:
578 3418 729 3492 habebam
754 3431 786 3491 iu
812 3432 879 3491 aula
906 3429 1036 3493 Caesaris
1067 3452 1211 3513 magnos,

197 3530 376 3615 dequibus
400 3550 460 3592 ncc
500 3522 694 3609 suspicabar,
736 3553 828 3614 quam
868 3543 971 3592 essent
1007 3531 1107 3594 amici.
1158 3536 1213 3596 Ex

197 3635 311 3706 horum
343 3633 438 3694 literis
472 3631 581 3692 melius
613 3633 769 3711 cognovi,
810 3632 886 3714 quid
919 3643 1083 3713 ageretur,
1117 3655 1213 3716 quam

196 3734 375 3807 Eudonos,
396 3731 451 3815 qui
470 3732 588 3793 latitans
610 3743 726 3793 tautum
745 3733 806 3792 hoc
826 3731 958 3806 sciebat,
985 3734 1073 3813 quod
1095 3732 1223 3816 aliquis

197 3831 399 3895 clancularius
420 3853 549 3892 susurro
570 3832 741 3894 deserebat.
793 3832 904 3892 llabeo
926 3834 1008 3912 apud
1028 3856 1077 3895 me
1098 3837 1213 3898 articu-

196 3935 243 3994 los
264 3934 304 3994 ad
318 3931 471 3994 Cesaram
490 3932 622 4006 delatos,
645 3952 725 4013 quos
739 3932 872 4010 Glapion
893 3955 948 3994 sua
967 3955 1058 3994 manu
1078 3937 1213 3999 notavit.

196 4033 287 4094 Nulla
314 4031 377 4092 illic
404 4032 528 4092 haeresis
554 4032 687 4107 mentio,
720 4053 825 4113 neque
847 4033 1031 4117 quicquam,
1060 4037 1148 4117 quod
1168 4040 1210 4098 ad

196 4132 334 4193 baeresim
362 4132 524 4213 pertineat.
563 4133 677 4193 Habeo
695 4133 797 4194 literas
819 4136 990 4196 cancellarii
1014 4149 1206 4219 Gattlnarii,

197 4243 451 4315 (protestantur,
471 4230 568 4293 fuisse
587 4232 797 4314 suspicionem
821 4235 860 4294 tle
874 4236 1065 4317 ‘quibusdam
1086 4241 1206 4317 libellis,

197 4335 251 4416 qui
272 4333 314 4392 ob
334 4331 394 4392 stili
415 4343 608 4393 venustatem
630 4334 811 4396 viderentur
834 4356 902 4396 esse
922 4337 1004 4411 mei,
1035 4338 1066 4400 iu
1088 4341 1205 4422 quibus

196 4445 297 4493 tamen
326 4431 399 4492 nihil
426 4443 507 4493 esset
533 4434 724 4511 haereticum,
758 4446 812 4496 aut
837 4437 912 4511 tale,
936 4440 1038 4522 qualia
1055 4441 1209 4506 scriberet
