2618 5108
472 767 739 869 Expostulatio.
1055 774 1125 864 att

99 975 218 1047 certam
250 965 386 1029 babebat
419 965 617 1047 adsequendi
648 976 758 1029 contra
792 986 852 1031 nos
884 948 994 1033 auxilii
1025 987 1134 1051 spem,

98 1066 206 1128 audita
231 1088 317 1129 nunc
346 1064 539 1128 transitionis
570 1077 630 1128 tuac
654 1069 755 1145 dama,
787 1092 830 1132 ex
860 1071 996 1153 quadam
1027 1068 1128 1134 veluti

97 1169 335 1250 compressione
355 1165 524 1248 respirare.
563 1167 706 1249 Quidni?
726 1167 825 1233 Certe
842 1174 923 1234 banc
941 1172 985 1232 ob
1000 1191 1128 1236 causam

99 1270 212 1351 ingens
243 1282 292 1333 est
322 1268 385 1352 jam
418 1271 528 1332 Romae
560 1270 807 1333 Roterodamns.
852 1274 927 1352 Quo
954 1272 982 1334 si
1008 1272 1128 1351 veniat,

98 1381 220 1432 certum
239 1383 303 1446 est,
325 1371 529 1450 profecturos
549 1370 676 1432 obviam
695 1370 738 1432 illi
761 1375 940 1451 complures
960 1376 1127 1438 Reveren-

101 1471 265 1547 dissimos,
297 1472 479 1536 immensam
507 1470 612 1533 mixtae
645 1472 744 1532 turbae
772 1472 1020 1536 multitudinem:
1059 1485 1127 1540 turn

99 1593 231 1652 magnos
259 1573 333 1635 fore
362 1573 394 1634 in
431 1573 512 1635 urbe
538 1573 724 1652 applausus,
761 1574 905 1657 celebres
931 1574 1125 1657 triumphos,

97 1673 191 1734 miras
216 1674 474 1735 acclamationes:
503 1673 677 1736 fortissimo
700 1672 869 1735 Catholicae
895 1676 1036 1739 ecclesiae
1055 1676 1126 1740 vin·

97 1772 180 1847 dici,
214 1772 337 1837 invicto
369 1775 599 1836 llaereticornm
626 1774 830 1851 debellatori,
873 1776 947 1859 qui,
983 1788 1019 1839 ut
1041 1780 1127 1855 ¹alter

97 1873 266 1950 Camillus,
287 1878 455 1954 collapsam
474 1897 541 1938 rem
555 1876 730 1938 Romanam
744 1887 799 1939 tna
810 1876 927 1939 virtute
940 1877 1128 1959 restitueris.
1202 1900 1212 1910 ·

96 1977 173 2037 Haec
193 1988 224 2036 et
244 1975 428 2052 hujusmodi
454 1977 565 2038 videre
585 1976 718 2054 videor,
751 1988 786 2039 ut
806 1976 927 2041 diurnis
947 1979 1128 2045 nocturnis·

97 2098 161 2159 qne
193 2079 303 2139 volvas
332 2077 587 2159 cogitationibus.
637 2080 717 2139 Nam
744 2099 817 2141 cum
836 2088 898 2140 tam
918 2098 999 2161 saepe
1018 2077 1127 2161 jactas,

96 2177 284 2258 Principum
312 2180 455 2242 virorum
481 2179 520 2239 ad
540 2190 571 2238 te
591 2179 755 2257 epistolas,
784 2200 918 2261 operum
939 2190 1067 2245 tuorum
1086 2182 1128 2246 ab

97 2278 163 2341 aliis
195 2278 451 2364 praedicationes,
484 2299 520 2339 ac
546 2278 685 2341 habitum
712 2277 770 2342 tibi
804 2280 843 2342 ab
876 2281 930 2341 illo
961 2280 1127 2364 Principe,

96 2381 146 2444 illa
161 2381 285 2441 civitate
301 2382 474 2454 honorem,
495 2380 586 2442 missa
603 2402 750 2456 munera,
771 2379 998 2462 promissiones
1015 2380 1127 2460 factas,

100 2481 284 2561 opinionem
313 2481 405 2542 nobis
431 2481 508 2542 sacis
538 2479 623 2541 mirae
653 2483 686 2544 in
714 2494 746 2542 te
765 2482 921 2544 vanitatis.
969 2482 1014 2545 At
1038 2483 1125 2560 vide,

95 2605 137 2644 ne
157 2592 189 2644 te
209 2581 367 2663 decipiant
384 2583 450 2643 baec
469 2582 626 2658 secunda,
653 2583 744 2643 etad
764 2581 971 2645 intolerabilia
990 2584 1126 2648 adversa
1212 2592 1215 2597 '

96 2685 286 2765 protudant:
318 2705 360 2746 ne
389 2694 421 2746 te
448 2683 537 2745 multi
563 2682 763 2745 blandissime
783 2693 909 2764 captent
931 2704 1035 2759 nnnc,
1065 2682 1125 2765 qui

94 2786 130 2847 in
150 2806 219 2847 reni
237 2797 322 2847 tuam
341 2785 374 2847 id
401 2778 471 2846 *non
492 2785 618 2847 saciant.
666 2785 747 2846 Nam
774 2783 866 2845 valde
885 2795 994 2846 metuo
1015 2804 1032 2844 a
1053 2784 1125 2868 qui·

97 2886 230 2949 busdam
250 2887 318 2948 tibi.
357 2886 421 2949 Sed
441 2897 476 2948 ut
496 2907 606 2948 ornnes
625 2885 721 2947 fidem
734 2875 888 2960 seruent,
908 2904 944 2946 ac
963 2882 1036 2971 istas
1055 2906 1123 2950 me·

98 2987 196 3052 rearis
211 2990 322 3050 Romae
333 2987 548 3062 laudationes,
569 2999 600 3050 et
611 3007 693 3070 quos
708 2985 775 3047 dixi
788 2985 985 3066 triumphos,
1004 2985 1124 3049 siccine
1138 3021 1142 3028 ’

94 3090 136 3150 de
163 3088 265 3170 gloria
290 3087 476 3170 periclitaris
516 3098 570 3163 tn,
607 3099 642 3148 ut
675 3087 714 3149 ab
744 3084 964 3168 improborum
995 3088 1123 3152 tandem

98 3188 224 3250 calculis
255 3208 293 3250 ea
324 3188 501 3271 colligenda
521 3189 578 3251 sit:
612 3190 687 3251 Non
721 3187 826 3250 deeris
859 3188 1004 3268 dignitati
1035 3187 1120 3252 sedis

96 3288 313 3368 Apostolicae?
331 3290 433 3364 Ades,
454 3310 513 3352 nos
534 3300 645 3352 contra
663 3289 835 3351 oberimus.
863 3290 987 3353 Verum
1007 3310 1121 3354 verum

95 3400 200 3450 tamen
220 3389 352 3452 ostende
371 3389 465 3452 nobis
485 3388 541 3451 ubi
560 3389 611 3452 illa
629 3393 721 3454 sedes
740 3391 797 3466 sit,
824 3412 894 3473 quae
915 3391 1009 3451 unice
1029 3391 1120 3476 Apo·

95 3489 204 3553 stolica
224 3490 287 3553 dici
307 3491 437 3567 debeat,
453 3564 457 3579 1
476 3502 511 3552 ut
530 3502 563 3551 et
580 3513 640 3554 nos
662 3491 825 3555 venientes
846 3491 1016 3553 adoremus
1035 3489 1119 3569 pari·

91 3603 152 3656 ter.
204 3595 349 3655 Romana
380 3591 487 3674 inquis
516 3593 658 3654 Ecclesia
685 3604 748 3669 cst,
780 3601 875 3674 qnam
899 3611 963 3673 ego
993 3601 1073 3672 puto
1099 3611 1119 3657 t

90 3693 254 3758 Catholica
280 3715 347 3755 non
372 3694 549 3756 dissentire.
587 3695 721 3756 Peream
748 3692 932 3768 confestim,
965 3692 1066 3754 anima
1085 3704 1118 3756 et
1177 3715 1178 3721 ¹

90 3818 244 3877 corpore,
270 3795 297 3856 si
325 3807 360 3858 tu
387 3794 532 3877 ignoras,
570 3806 722 3877 quantum
752 3794 953 3857 aCatholica
979 3794 1116 3858 'ccclesia

89 3910 121 3959 et
134 3895 319 3978 Apostolica
329 3896 489 3959 dissentiat
507 3899 571 3958 haec
584 3899 737 3959 Romana.
776 3896 838 3958 Ubi
853 3894 904 3956 illa
918 3915 998 3956 vero
1014 3894 1115 3979 scrip-

89 4011 160 4061 tura
181 4009 246 4070 est,
279 4019 349 4079 qnae
373 3999 435 4060 boc
455 4000 565 4073 docet,
597 4000 707 4060 Romae
729 4017 799 4059 csse
820 3998 912 4057 talem
939 3996 1114 4075 ecclesiam,

90 4123 159 4183 quac
181 4100 219 4160 sit
240 4099 369 4161 aliarum
390 4112 499 4181 capnt,
533 4111 563 4160 et
590 4100 675 4160 illum
702 4098 816 4160 habere
845 4096 961 4158 debeat
978 4099 1114 4176 Episco-

88 4224 205 4283 pornrn
238 4214 422 4280 tyrannum,
460 4223 554 4284 quern
582 4201 629 4263 las
657 4200 696 4262 sit
723 4219 839 4261 vocare
865 4197 1110 4289 sanctissimum

90 4304 146 4386 qui
166 4303 373 4382 Evangelium
393 4324 463 4365 cum
485 4303 576 4376 velit,
605 4303 759 4374 innovare
778 4299 893 4380 possit,
914 4311 945 4362 et
968 4300 1113 4384 antiqua·

88 4405 127 4468 tis
146 4403 203 4480 iis,
232 4426 301 4488 quae
321 4402 465 4475 Christus
484 4402 628 4480 tradidit,
649 4423 749 4466 novas
768 4403 846 4473 dare
863 4405 968 4486 leges,
985 4423 1111 4480 novam
