2618 5108
638 1114 681 1188 B.

143 1308 311 1382 Ulriclrus
347 1311 393 1382 ab
428 1310 567 1380 Hutten
588 1308 726 1412 ‘Eques
759 1307 909 1382 Marino
943 1309 1170 1404 Caracciolo,

377 1446 527 1522 Oratori
551 1447 719 1521 Romano
752 1460 782 1530 la
804 1466 946 1547 spissas.

561 1642 753 1659 —

139 1810 226 1903 Non
247 1864 308 1924 ego
329 1841 387 1903 illis
408 1840 528 1903 credidi
550 1842 695 1924 quidem,
727 1853 865 1907 Morino
890 1851 1089 1917 Cor-arriole,
1111 1856 1166 1920 qus

139 1954 170 2006 te
191 1964 302 2025 magua
322 1941 543 2019 contentione,
563 1942 648 2025 frugi
669 1945 827 2006 hominem
846 1943 1054 2024 praedicabant
1075 1949 1165 2010 bien-

138 2042 194 2106 nio
226 2042 338 2104 abhinc
368 2054 481 2125 agente
508 2043 693 2124 Mogontia.
751 2044 865 2124 Neque
894 2029 977 2105 eniin
1007 2045 1167 2109 audieram

137 2141 226 2225 lrugi
248 2155 425 2218 oratorem,
457 2143 624 2205 demissum
652 2144 691 2204 ab
710 2144 790 2207 urbe
811 2146 915 2208 Roma
934 2167 1073 2228 unquam
1093 2131 1165 2224 hui,

139 2245 196 2308 scd
216 2257 276 2306 tam
297 2246 494 2323 confidenter
513 2246 625 2307 malurn
645 2266 710 2306 non
727 2257 901 2326 putassem,
922 2259 958 2308 ut
970 2246 1164 2330 frequentis-

137 2345 218 2409 simo
238 2347 299 2408 hoc
320 2344 504 2427 Principum
524 2357 555 2410 et
575 2345 685 2428 populi
700 2345 874 2408 Germaniae
894 2360 1073 2422 conventu,
1096 2368 1162 2435 quo

138 2447 290 2510 libertatis
318 2467 412 2508 causa
437 2445 558 2525 agitur,
590 2458 620 2508 et
641 2449 784 2510 Romana
812 2447 978 2530 iniquitas,
1009 2460 1045 2509 ut
1082 2471 1163 2510 nun·

138 2569 234 2634 qnam
253 2547 358 2628 prius,
378 2547 409 2608 in
433 2547 665 2610 accusationem
680 2547 783 2621 vonit,
803 2546 901 2609 nihilo
919 2532 1022 2609 secius
1037 2548 1163 2611 interim

137 2649 264 2712 audeas·
285 2648 452 2710 nundinari
483 2660 533 2726 tu,
567 2671 603 2711 ac
629 2647 801 2730 peculatui‚
828 2647 938 2730 praedm
958 2669 994 2709 ac
1014 2650 1163 2731 compila-

137 2749 274 2812 tionibus
296 2771 423 2830 operam
444 2751 529 2812 dare.
568 2750 648 2811 Natu
668 2749 744 2833 quid
760 2747 825 2831 jain
843 2749 923 2810 ultra
943 2747 1162 2833 cogitabimus,

137 2850 258 2935 quidve
278 2872 493 2932 proponemus
518 2849 629 2926 nobis,
660 2871 732 2911 cum
762 2864 795 2913 tu
823 2870 864 2910 eo
897 2859 1060 2930 tempore,
1094 2840 1160 2934 qno

136 2950 272 3016 maxime
301 2952 482 3013 adnituntur
494 2951 523 3026 ¹¹)
554 2949 666 3034 jugum
696 2949 836 3029 abjicere
862 2949 1034 3026 Germani,
1064 2972 1162 3033 pecuf

136 3055 235 3129 niam,
264 3075 326 3136 (pta
352 3076 411 3116 nos
431 3074 613 3136 oppugnes,
647 3072 712 3112 non
735 3050 879 3126 aliunde,
913 3073 1008 3135 quam
1030 3053 1069 3113 ab
1086 3050 1161 3133 ipsis

137 3154 232 3218 nobis
271 3176 367 3236 cogas
409 3166 440 3216 et
476 3151 696 3237 extorqueas?
741 3153 959 3216 Reclamamus
1002 3144 1161 3236 tyrannidi

137 3272 250 3316 vestrae
272 3254 392 3316 crudeli
416 3266 447 3318 ct
467 3255 697 3330 abominandas,
733 3265 845 3317 contra
875 3255 937 3317 vim
956 3259 1158 3334 reluctamur,
1204 3259 1207 3266 '

137 3353 305 3438 imperium
327 3357 552 3432 detrectamus,
578 3356 725 3437 potentiae
745 3354 937 3432 resistimus,
967 3357 1007 3417 ad
1035 3342 1160 3421 liberta-¹

136 3466 201 3520 tem
231 3458 346 3538 passim
378 3457 611 3543 conspiremus,
648 3468 742 3541 atquc
772 3458 836 3519 haec
867 3455 969 3518 omnia
997 3458 1162 3522 obfirmate
1211 3534 1216 3550 .

71 3577 73 3582 ·
137 3560 219 3623 adeo
251 3578 283 3621 et
322 3559 519 3641 pertinaciter
552 3560 693 3640 agimus,
730 3570 765 3620 ut
797 3567 939 3638 putatum
969 3580 1072 3640 anper
1104 3559 1160 3638 sit,

138 3658 211 3721 satis
244 3659 418 3724 invidiosos
457 3681 533 3736 vos,
570 3660 768 3742 infestosque
802 3659 900 3739 vulgo
929 3661 1091 3738 redditos,
1125 3673 1161 3726 tu

140 3759 359 3838 nibilominus,
392 3760 481 3844 qnasi
508 3760 584 3824 nihil
613 3762 727 3825 horum
753 3763 793 3824 ad
812 3772 844 3824 te
864 3761 1036 3842 pertineat,
1061 3765 1160 3826 scele-

139 3873 218 3924 ratas
233 3873 301 3924 tuas
321 3862 574 3946 negotiationes,
596 3883 708 3955 secure
721 3874 757 3924 ut
778 3884 941 3948 nunqnam
955 3881 1044 3936 ante,
1067 3884 1161 3939 exer:

139 3983 211 4038 ces,
239 3973 271 4024 et
289 3962 354 4024 aliis
376 3964 505 4047 quidem
522 3966 624 4047 pretio
646 3980 774 4044 peccata
797 3964 960 4048 indulges,
994 3965 1059 4026 aliis
1079 3988 1159 4031 vero

139 4079 229 4145 pacta
252 4063 404 4146 pecnnia,
433 4075 468 4127 ut
484 4083 634 4144 peccent,
657 4064 819 4146 permittis.
858 4065 1059 4131 Juventntcm
1081 4069 1160 4130 Ger·

139 4162 291 4226 manicam
312 4163 451 4248 pretium
469 4187 529 4245 pro
551 4166 717 4229 connubiis
736 4169 877 4247 postulas
900 4166 984 4245 tuis,
1003 4169 1070 4245 las,
1095 4171 1160 4259 lici-

145 4313 372 4329 *μ-

177 4371 208 4441 ⁸)
229 4381 296 4428 Nach
317 4387 467 4431 adnituntur
479 4398 490 4432 .·
509 4387 668 4435 ortleserliche
687 4388 819 4448 corrector.
