2618 5108
195 786 270 877 bid
472 790 517 878 In
539 792 695 879 Hieron,
719 789 945 881 Alcandrum

194 1009 229 1061 et
247 993 413 1078 impedire.
451 997 550 1080 Quod
570 998 611 1060 de
629 1008 662 1061 te
678 999 807 1087 quidem
822 1011 938 1083 praeter
957 1000 1141 1083 opinionem
1158 1020 1227 1063 non

195 1110 255 1160 est.
276 1100 392 1182 Neque
408 1098 492 1162 enim
509 1122 648 1184 unquam
664 1102 836 1183 prudenter
853 1104 974 1188 aliquid
986 1102 1102 1166 iecisse
1116 1102 1224 1180 audio,

193 1196 281 1266 illum
301 1201 400 1267 miror
415 1201 539 1265 socium
551 1214 641 1267 tuum
655 1213 894 1284 Caracciolum,
912 1206 1100 1288 aliquando,
1122 1205 1227 1267 sinon
1269 1262 1270 1266 ,

193 1293 332 1379 bonum,
367 1302 628 1384 circumspectum
648 1315 751 1368 tamen
781 1316 813 1368 et
841 1318 968 1368 cautum
1000 1305 1051 1368 hic
1071 1316 1227 1387 putatum,

193 1415 280 1468 tanta
299 1426 372 1468 cum
398 1405 678 1483 inconsiderantia,
709 1417 859 1491 tantaque
886 1405 1084 1488 stupiditate,
1117 1405 1226 1468 conari

192 1507 252 1572 ista
280 1518 396 1570 tecum.
444 1508 560 1592 Neque
591 1519 693 1570 tamen
720 1511 783 1570 hoc
809 1509 901 1583 tlico,
935 1507 1023 1591 quasi
1053 1507 1226 1590 quicquam

190 1609 242 1673 bic
261 1607 354 1670 vobis
375 1608 510 1683 astutiae,
543 1609 715 1692 quicquam
743 1609 829 1690 impii
850 1608 1052 1684 uaframenti,
1082 1608 1225 1672 ‹leiuisse

192 1712 296 1773 adhuc
312 1708 515 1785 existimem,
548 1710 606 1772 sed
639 1712 729 1792 quod
762 1723 845 1772 tanta
875 1709 1067 1773 confidentia
1086 1710 1225 1786 videam,

190 1804 224 1873 ln
244 1809 301 1871 hac
320 1804 429 1873 rerum
448 1810 707 1873 Germanicarum
728 1811 950 1875 admirabiliter
977 1812 1160 1873 immutante
1189 1831 1225 1873 se

191 1909 334 1988 radone,
364 1914 423 1974 hac
443 1913 595 1992 temporis
623 1911 841 1999 inclinatione,
873 1913 920 1975 his
952 1909 1140 1974 inevitabilis
1167 1909 1224 1974 fati

189 2010 301 2089 minis,
334 2030 429 2074 omne
458 2014 560 2076 adbuc
588 2011 824 2075 incontinentiae
845 2034 921 2087 vos,
953 2033 1046 2074 omne
1068 2012 1224 2076 immode-

191 2114 256 2179 nie
279 2116 459 2198 exemplum
488 2113 706 2198 praetergredi.
758 2114 855 2195 Quod
881 2135 943 2195 ego
971 2112 1055 2178 eliud
1074 2113 1223 2195 profecto

189 2232 256 2279 non
283 2237 417 2291 censeo,
448 2238 544 2299 quam
573 2228 700 2279 coactos
713 2237 780 2278 ¹vos
801 2214 907 2276 divina
925 2215 1138 2290 necessitate,
1156 2234 1223 2276 non

190 2314 321 2390 videre,
353 2336 423 2398 quae⁴
443 2315 558 2380 videtis
583 2317 737 2391 maxime,
768 2336 829 2376 nec
849 2315 975 2391 audire,
1008 2336 1078 2399 quac
1108 2313 1223 2378 auditis

188 2414 375 2498 plurimum,
405 2426 436 2478 et
454 2414 672 2496 imprudentes
692 2439 855 2481 accersere
873 2421 988 2481 malum
1008 2417 1102 2480 vobis
1122 2417 1223 2499 ipsos,

188 2532 226 2607 ac
245 2515 324 2578 ierri
344 2515 546 2580 manifestum
567 2516 600 2580 in
620 2519 755 2583 exitium
768 2519 957 2602 praecipites.
982 2519 1057 2583 'Ubi
1074 2533 1131 2581 tuo
1146 2539 1223 2580 sane

186 2612 297 2679 brrore
328 2616 414 2679 nihil
427 2617 492 2681 vidi
521 2621 728 2699 concitatius,
760 2620 838 2683 nihil
866 2620 1080 2701 impetuosum
1110 2620 1222 2704 magis.

187 2716 268 2782 Nam
289 2742 359 2804 quse
379 2720 520 2799 (malum)
539 2722 599 2785 ista
631 2733 680 2784 est
705 2721 843 2798 insania,
872 2722 1070 2799 existimare,
1099 2721 1220 2785 tantillo

140 2830 144 2840 ’
186 2820 246 2883 luo
266 2820 456 2901 interposito
476 2834 619 2900 terrore,
652 2823 827 2886 extinctum
846 2821 886 2885 iri
906 2835 967 2884 tam
987 2825 1124 2886 validum
1144 2821 1220 2905 jam,

184 2914 315 3006 tamque
351 2926 512 3005 conceptis
549 2925 671 2988 viribus
707 2922 891 2988 incendium
921 2923 1008 2987 hoc?
1045 2925 1155 2987 Ausus
1185 2943 1221 2989 es

185 3020 299 3105 putare
329 3035 451 3101 tamen,
484 3026 604 3089 exustis
635 3047 738 3108 nuper
770 3022 874 3102 libris,
912 3025 1065 3087 infractos
1091 3037 1221 3088 nostro·

185 3133 257 3188 rum
297 3124 435 3201 animos,
478 3147 559 3188 non·
585 3126 725 3191 irritatos
755 3126 862 3209 'magis
902 3136 935 3189 et
988 3122 1221 3190 exacerbatos?

186 3222 251 3290 Sed
286 3227 350 3287 haec
381 3246 470 3290 mens
499 3227 556 3303 sit,
594 3241 793 3312 maneatque.
840 3229 955 3311 Neque
982 3239 1018 3290 tu
1048 3228 1221 3312 quicquam

185 3328 268 3391 aude
300 3328 434 3409 posthac
465 3331 605 3410 segnius.
661 3332 770 3413 Atque
799 3328 852 3392 isti
882 3330 1020 3392 habenas
1047 3330 1087 3391 da
1117 3329 1220 3411 impe-

183 3430 232 3492 tui
259 3441 334 3505 tuo,
363 3428 509 3492 furorem
537 3431 624 3505 laxa,
657 3432 786 3494 effunde
818 3431 993 3494 amentiam.
1032 3431 1219 3514 Aliquando

183 3530 262 3597 illud
293 3529 395 3595 aderit
432 3529 570 3613 optabile
596 3541 738 3612 tempus,
772 3531 831 3594 ista
856 3554 890 3594 se
925 3532 1103 3595 necessaria
1133 3530 1221 3595 dabit

183 3632 274 3697 bora.
324 3632 480 3696 Proiecto
510 3631 594 3694 enim
615 3654 779 3715 nunquam
807 3631 942 3696 inultum
968 3634 1051 3695 leret
1079 3633 1221 3696 inustum

182 3734 268 3797 bunc
299 3734 359 3796 sibi
398 3733 568 3795 Germania
599 3734 756 3797 dolorem.
803 3735 919 3818 Neque
939 3735 1039 3818 igitur
1059 3734 1135 3817 quia
1164 3734 1220 3796 diu

183 3834 266 3912 tert,
286 3855 352 3897 non
374 3832 544 3916 aliquando
560 3833 734 3898 vindicabit
754 3857 842 3898 suam
861 3833 1019 3917 injuriam.
1039 3837 1119 3898 Nam
1140 3835 1221 3920 quid

182 3938 320 4001 tubane
341 3934 502 3998 arbitraris
529 3936 618 3999 aliter
646 3937 818 4002 devorasse
846 3958 905 3998 nos
937 3935 1083 4018 injectam
1108 3937 1163 4000 abs
1186 3948 1220 4000 tc

183 4037 376 4112 molestiam,
397 4058 492 4121 quam
516 4048 552 4098 ut
575 4039 693 4101 caedem
712 4040 807 4120 paulo
828 4049 901 4117 post
921 4049 953 4100 et
971 4038 1106 4100 exitium
1126 4036 1159 4101 in
1185 4049 1219 4100 te

182 4138 395 4204 revocamus?
424 4138 569 4202 Proinde
589 4162 630 4203 ne
657 4141 699 4202 ita
719 4139 832 4221 supine
853 4137 998 4201 existima
1027 4160 1123 4224 agere
1142 4160 1219 4218 nos,

183 4253 238 4305 aut
267 4240 310 4304 ita
337 4261 407 4304 esse
437 4238 655 4317 caecutientes,
683 4252 720 4303 ut
747 4242 824 4302 dum
852 4250 886 4301 tu
918 4240 984 4322 agis
1017 4243 1100 4316 haec,
1140 4239 1218 4303 nibil

183 4343 309 4407 interim
330 4342 506 4426 cogitemus
527 4365 605 4418 nos,
638 4342 715 4405 nihil
736 4340 965 4423 prospiciamus
995 4354 1050 4404 aut
1074 4339 1217 4404 invenia-

183 4467 264 4509 mus.
305 4445 426 4509 Scimus
448 4467 515 4532 quo
536 4445 626 4509 istam
646 4443 815 4508 intendatis
838 4443 1016 4507 animorum
1035 4457 1218 4511 vestrorum
1273 4520 1275 4525 4
