2618 5108
143 816 216 891 m
457 820 617 921 Spongia
639 817 783 896 Eraarni

140 1007 201 1074 tuit
225 1010 401 1090 contemni,
434 1032 530 1097 quem
556 1014 667 1097 Reges
693 1033 737 1083 ac,
757 1010 922 1094 Principes
950 1005 1164 1094 dignati-eunt

143 1116 284 1196 alloquio
307 1134 385 1177 suo.
448 1114 512 1179 Per
543 1137 593 1179 rue
626 1136 700 1180 sane
731 1135 797 1178 non
829 1113 987 1176 minuetur
1017 1107 1163 1188 majestas

142 1213 305 1276 lluttcnici
330 1215 476 1277 nominis.
528 1216 592 1279 Sed
623 1237 689 1281 non
721 1213 908 1288 contemnit,
942 1212 998 1295 qui
1028 1209 1163 1271 declinat

140 1315 306 1392 invidiam,
327 1316 388 1380 nisi
408 1318 493 1380 lorte
511 1328 679 1387 contemno
694 1319 817 1399 Regem
837 1314 1013 1386 Gallorum,
1035 1308 1091 1393 qui
1110 1328 1164 1371 me

141 1417 275 1497 cupidus
296 1418 446 1498 cupidum
466 1430 629 1501 expectat,
651 1430 683 1481 et
703 1418 741 1478 ad
762 1419 890 1478 salntem
909 1433 1008 1475 meam
1024 1410 1164 1491 pertine·

140 1516 193 1579 bat
213 1538 282 1580 esse
303 1517 334 1578 in
349 1520 457 1582 Gallia.
498 1521 538 1579 Et
555 1531 656 1580 tamen
670 1517 825 1592 abstinui,
845 1528 986 1577 metuens
1000 1513 1162 1588 invidiam,

141 1619 230 1700 quod
250 1619 333 1681 inter
363 1621 448 1681 illum
475 1631 507 1680 et
526 1620 682 1684 Curarem
712 1621 853 1681 nondum
882 1617 954 1677 satis
983 1613 1161 1677 conveniat.

142 1722 248 1796 Ouum
282 1738 384 1780 essem
411 1723 557 1799 proxime
592 1723 727 1803 Brugis,
759 1717 931 1782 detrectavi
966 1715 1162 1798 colloquium

143 1820 242 1901 Regis
269 1819 431 1897 cujusdam
451 1820 579 1882 amantis
605 1823 682 1897 mei,
715 1842 779 1882 nou
808 1820 894 1904 quod
915 1830 1161 1894 contemnerem,

141 1922 198 1982 sed
224 1923 312 2003 quod
341 1921 414 1983 inde
446 1935 618 1984 metuerem
655 1922 803 1983 iuvidiam
851 1942 867 1981 a
894 1919 1160 1993 Emeritensibus,

141 2041 234 2104 quam
255 2033 356 2083 tamen
376 2044 441 2083 non
462 2022 553 2102 potui
572 2044 701 2102 prorsus
723 2024 875 2101 effugere·
914 2024 1021 2103 Atque
1041 2020 1160 2082 utinam

141 2124 300 2184 Huttcnus
319 2122 361 2184 ita
379 2134 580 2201 temperasset
594 2146 649 2185 sua
665 2125 808 2198 consilia,
832 2126 875 2185 uti
895 2122 1162 2205 quemadmodum

144 2235 210 2285 tum
231 2235 376 2301 respectu
400 2224 554 2303 Principis
574 2224 639 2299 sui,
672 2222 762 2303 cujus
783 2224 945 2303 negotium
972 2222 1084 2302 agebat
1104 2223 1161 2282 bo-

139 2322 271 2384 noribce
291 2333 437 2401 acceptus
457 2334 505 2384 est
523 2325 606 2401 apud
620 2325 741 2398 Gallos,
764 2325 805 2385 ita
825 2347 909 2387 nrruc
924 2344 1054 2406 (proque
1078 2324 1161 2384 inter

139 2443 270 2497 magnos
291 2422 459 2484 haberetur
480 2424 655 2499 gratiosus,
677 2437 848 2507 possetque
868 2426 906 2485 ab
921 2425 1066 2485 omuibus
1082 2425 1159 2485 citra

138 2521 288 2583 invidiam
317 2522 411 2583 amari
449 2523 595 2605 colique!
635 2525 704 2587 Jam
732 2549 809 2588 vero
837 2525 911 2587 milri
938 2527 1026 2599 vide,
1065 2547 1159 2608 quam

140 2622 281 2685 odiosam
301 2644 423 2684 causam
438 2624 681 2687 comminiscitur
693 2627 856 2687 detrectati
870 2626 1030 2707 colloquii.
1052 2627 1157 2702 Dicas,

139 2724 279 2807 equitem
298 2745 367 2786 esse
392 2737 498 2788 uatum
518 2749 583 2788 non
603 2729 642 2789 ad
661 2727 880 2810 equitandum,
908 2730 963 2788 sed
983 2729 1022 2786 ad
1042 2732 1157 2790 calum-

138 2825 298 2888 niandum.
353 2826 496 2888 Sciebam
533 2826 651 2907 ipsum,
672 2878 674 2882 a
694 2839 728 2888 ut
764 2827 819 2901 ait,
860 2830 1000 2910 quaedam
1034 2851 1156 2894 mecum

138 2931 429 3010 expostulaturum,
459 2940 554 3011 atque
574 2931 647 2992 idco
667 2929 741 2991 mibi
760 2933 839 2991 rnale
859 2931 1022 3003 conscius,
1042 2931 1158 3009 fugita-

137 3031 208 3091 bam
227 3030 308 3092 illius
340 3029 521 3111 alloquium.
569 3031 660 3091 Unde
690 3032 813 3091 tandem
837 3030 894 3091 ista
923 3052 1005 3092 nova
1025 3034 1158 3096 Hutteni

140 3131 308 3205 autoritas,
328 3142 364 3191 ut
382 3131 467 3190 illum
485 3135 748 3210 expostulantem,
770 3153 865 3192 senex
878 3130 1043 3211 juvenem,
1065 3136 1158 3197 susti·

137 3251 214 3291 nere
248 3252 312 3290 non
339 3230 518 3311 potuerim?
548 3233 640 3294 Unde
667 3245 799 3312 repente
824 3254 864 3294 cx
889 3235 1032 3295 Hutteno
1055 3232 1155 3298 lactus

137 3343 185 3394 est
206 3343 282 3395 Coto
309 3344 500 3397 Censorius?
531 3333 616 3394 Solet
643 3334 716 3394 olim
744 3355 865 3394 mecum
885 3336 1035 3417 loquens,
1065 3358 1156 3398 reve-

140 3445 262 3494 rentem
291 3436 445 3516 quandam
473 3433 657 3495 modestiam
683 3458 745 3514 prae.
771 3457 805 3496 se
835 3436 936 3510 ferre,
971 3460 1039 3519 quae
1072 3453 1156 3502 certe

137 3534 235 3609 magis
256 3535 336 3596 illius
356 3535 488 3596 decebat
508 3545 643 3609 aetatem,
665 3557 757 3618 (param
776 3536 833 3598 ista
852 3538 964 3617 linguae
985 3543 1156 3622 calamique

138 3635 318 3715 petulantia.
372 3637 433 3698 Sed
455 3636 540 3697 unde
571 3634 749 3714 conjectare
774 3638 880 3718 potui,
914 3642 1001 3721 quod
1028 3643 1157 3705 baberet

138 3737 276 3819 aliquid,
317 3741 405 3820 quod
430 3759 552 3798 mecum
581 3740 675 3798 vellet
703 3741 931 3819 expostulare?
962 3742 1044 3803 Cum
1074 3755 1157 3806 esset

139 3838 311 3913 Sletstadii,
346 3841 392 3916 (ut
412 3838 519 3900 scribit
540 3837 572 3898 in
592 3836 655 3900 suis
677 3841 715 3900 ad
735 3863 784 3901 me
804 3843 914 3917 literis)
947 3845 1077 3906 dederat
1097 3848 1156 3908 boc

141 3939 174 4000 in
194 3940 344 4000 mandatis
365 3951 465 4004 Beato
491 3950 665 4019 ercnono,
697 3953 731 4003 ut
749 3944 823 4004 milri
850 3943 1056 4022 signiticaret,
1088 3971 1157 4011 esse

140 4042 229 4121 qnod
256 4041 287 4101 in
315 4062 365 4102 me
395 4042 587 4103 desideraret
608 4047 774 4105 Huttenus.
814 4046 913 4128 Atqui
936 4049 1051 4107 Beatus
1073 4051 1158 4111 Rhe·

139 4162 238 4203 nauus
272 4163 331 4203 nec
360 4144 491 4204 verbum
518 4147 614 4205 ullum
634 4145 756 4224 scripsit
783 4146 821 4206 ad
843 4169 891 4207 me
918 4171 958 4208 ex
980 4151 1157 4227 Sletstadio,

140 4260 200 4304 uec
220 4244 280 4303 buc
300 4265 445 4305 reversus
466 4244 527 4324 jam
554 4246 626 4306 hinc
645 4246 789 4324 prolecto
810 4249 968 4320 Hutteuo,
1001 4246 1165 4331 significa-¹

141 4342 187 4405 vit
206 4365 346 4426 unquam
372 4343 430 4406 sibi
457 4346 555 4409 fuisse
582 4348 775 4430 colloquium
805 4367 877 4407 curu
896 4349 1049 4411 Hutteno.
1088 4355 1157 4414 Nec

142 4445 176 4508 id
205 4448 334 4510 omriino
370 4448 458 4530 prius
484 4448 617 4526 rescivi,
655 4470 749 4532 marn
773 4468 814 4510 ex
839 4450 938 4513 literis
966 4453 1156 4531 Huttenicis,
