2618 5108
199 825 266 934 ‚¹⁶⁸
501 821 705 895 Praedones
753 821 941 921 Dialogus.

605 1016 827 1077 Huttenus.

276 1118 440 1198 Quorum,
471 1115 603 1195 hospes,
633 1112 770 1197 primum
798 1126 829 1177 et
848 1115 1150 1198 perniciosissimum
1170 1127 1229 1195 est,

199 1227 410 1284 Sacerdotium
426 1216 514 1279 illud.

580 1340 838 1405 Franciscus.

273 1444 319 1508 At
333 1463 396 1525 ego
409 1440 602 1505 levissimum
616 1447 774 1524 positurus
787 1465 873 1506 eram
887 1445 990 1525 primo
1004 1447 1094 1520 ioco,
1115 1442 1233 1505 deinde

199 1545 357 1632 quosdam
385 1543 477 1628 qussi
505 1567 564 1628 per
596 1545 726 1624 gradus,
759 1545 798 1606 ad
827 1546 1047 1628 gravissimum
1075 1545 1168 1620 iilud,
1201 1557 1234 1607 et

198 1667 320 1712 summe
340 1649 473 1708 noxium
492 1646 710 1708 conscendere
730 1646 894 1722 volebam,
916 1645 975 1722 ita,
997 1657 1032 1708 nt
1053 1650 1105 1731 qui
1126 1648 1232 1710 minus

199 1758 359 1828 raperent,
378 1744 466 1828 prius
478 1746 518 1809 de
530 1746 586 1823 iis;
606 1765 694 1829 post,
713 1748 768 1832 qni
777 1745 886 1830 magis,
896 1768 933 1810 ac
944 1750 1056 1832 magis,
1067 1749 1234 1812 referrem.

603 1874 820 1938 Huttenus.

275 1973 342 2037 lam
360 1973 422 2036 hoc
441 1972 542 2058 magis
562 1974 680 2054 placet,
701 1973 823 2055 incipe!

588 2098 849 2162 Franciscus.

278 2199 379 2263 Primi
393 2211 483 2275 sunt,
498 2197 555 2281 qui
573 2209 716 2264 latrones
734 2217 907 2276 vocantur,
929 2208 962 2260 et
983 2197 1050 2260 vias
1074 2196 1235 2287 obsident,

202 2319 240 2364 sc
258 2298 293 2363 in
313 2299 397 2382 agris
416 2299 532 2380 passim
551 2319 588 2361 ae
607 2301 702 2380 sylvis
722 2301 860 2383 rapiunt.

172 2407 173 2410 Ἴ
603 2424 823 2488 Mercator.

277 2523 386 2606 Atque
406 2523 438 2586 hi
464 2525 649 2605 praedonum
667 2527 787 2589 minimi
807 2526 957 2590 videntur
975 2525 1050 2603 tibi,
1084 2537 1117 2589 et
1135 2525 1235 2609 magis

201 2645 297 2708 quarn
317 2625 395 2687 alios
414 2624 566 2688 serendos
588 2627 772 2691 existimas?

585 2751 845 2816 Francisens.

275 2850 328 2913 sie
357 2849 504 2930 proiecto
534 2850 682 2915 arbitror.
740 2855 821 2916 Nam
856 2863 888 2914 et
914 2851 1018 2914 minus
1047 2861 1180 2924 nocent,
1203 2860 1236 2911 et

198 2951 320 3028 rarius,
350 2951 440 3035 quod
465 2972 571 3035 neque
598 2965 749 3034 possunt,
781 2955 909 3036 quoties
931 2955 1059 3025 voiunt;
1091 2951 1237 3034 quando·

200 3053 329 3138 quidem
351 3052 499 3116 resistere
519 3054 578 3115 illis
599 3054 692 3118 facile
716 3056 790 3117 lieet
812 3055 925 3130 abiis,
965 3052 1021 3136 qui
1042 3073 1155 3114 cavere
1177 3073 1236 3113 vo·

199 3155 281 3229 lunt,
311 3165 343 3217 et
364 3153 475 3238 flagitii
496 3156 601 3235 pudor
623 3168 686 3232 est,
719 3156 847 3220 sisausa
875 3156 1058 3230 differatur,
1091 3173 1127 3214 ac
1158 3175 1236 3234 sup·

199 3256 285 3337 plicii
311 3267 415 3332 metu,
446 3260 606 3318 ascetere
632 3261 821 3342 plerumque
848 3258 1005 3320 abstinent
1033 3277 1114 3318 sese.
1153 3257 1236 3316 Nam

199 3358 274 3421 solis
296 3356 437 3418 omniurn
449 3358 482 3418 in
498 3358 668 3421 Germania
687 3360 872 3440 praedonum
883 3359 930 3421 his
947 3379 1036 3438 poena
1051 3369 1098 3419 est
1118 3355 1239 3418 consti·

199 3469 276 3522 tuta.
323 3461 431 3540 Quare
463 3458 565 3520 victus
597 3459 698 3542 gratia
729 3460 784 3543 qui
816 3460 862 3520 sic
890 3460 1123 3540 periclitantur,
1156 3457 1237 3542 quid

200 3559 285 3623 alind
311 3559 448 3636 faciunt,
481 3582 576 3643 quam
606 3562 728 3622 damma
748 3560 855 3622 eibum
883 3560 939 3643 qui
965 3560 1101 3640 petunt?
1133 3558 1235 3622 Certe

199 3660 343 3744 periculo
366 3671 478 3723 vacant
497 3682 670 3744 nunquam.
711 3663 751 3723 Et
772 3662 820 3723 alii
841 3661 972 3744 quidem
992 3661 1155 3734 homines,
1179 3658 1245 3742 qui'

199 3763 251 3823 vel
269 3760 348 3822 boni
368 3761 507 3845 aliquid,
534 3765 585 3824 vel
605 3765 676 3824 mali
702 3764 952 3845 adgrediuntur,
987 3763 1032 3825 eis
1064 3760 1236 3824 consilium

200 3861 350 3924 adhibere
372 3861 457 3922 facto
479 3861 566 3934 licet;
586 3863 618 3925 hi
632 3852 764 3926 audacio
777 3865 926 3928 seruntur
938 3875 1077 3941 tantum,
1099 3872 1131 3925 et
1149 3860 1237 3944 peri·

201 3965 307 4027 culum
326 3963 441 4025 habent
460 3965 662 4046 propositum
686 3988 822 4048 semper.

605 4090 826 4154 Mercator.

291 4189 417 4250 Verum
448 4200 514 4266 est,
545 4191 762 4272 deprehensos
791 4193 947 4277 quosdam
968 4189 1047 4254 affici
1067 4189 1237 4271 supplicio,

199 4289 257 4353 sed
300 4291 431 4372 pusillos
465 4309 543 4373 puto
575 4294 652 4357 istos
695 4307 727 4356 et
756 4296 924 4378 ignobiles.
974 4295 1099 4355 Verum
1129 4292 1181 4354 ubi
1207 4303 1240 4354 et

198 4390 320 4476 magnis
352 4393 427 4469 illis,
465 4405 496 4457 et
526 4396 689 4475 generosis
720 4396 877 4480 quispiam
897 4394 1061 4470 inciderit,
1095 4393 1143 4456 vis
1174 4391 1239 4476 legi

203 4499 253 4572 fit,
277 4495 433 4575 pervadit.
