2618 5108
102 4470 108 4497 l

829 40 834 52 ι

273 277 302 285 ,,.
315 274 336 283 Η.
348 272 424 288 “⁴32-
434 93 739 279 »ρο-ι
783 256 799 266 ⁹

427 781 630 861 Praedones
680 788 867 890 Dialogus,
1092 805 1166 891 222

137 979 179 1040 Et
199 980 226 1040 si
246 996 503 1061 unamquamque
533 1003 658 1061 semper
685 983 884 1060 tyrannidem
905 1007 1091 1069 oppugnare
1111 1009 1168 1053 ne·

138 1101 228 1143 cesse
248 1082 353 1143 visum
372 1094 436 1156 est,
458 1104 524 1165 quo
544 1104 631 1163 nuuc
650 1085 756 1145 studio
777 1086 828 1167 agi
842 1087 1015 1162 debemus,
1037 1091 1167 1173 quando

138 1181 323 1263 hujusmodi
342 1196 414 1246 sunt
434 1184 574 1261 tyranni,
596 1184 652 1266 qui
673 1168 790 1246 nonin
812 1190 1028 1267 possessiones
1049 1201 1169 1253 tantum

137 1296 279 1360 nostras,
300 1285 431 1346 licenter
451 1287 602 1366 impetum
622 1264 759 1362 saciurit,
784 1299 814 1349 et
835 1288 919 1350 civili
941 1312 998 1352 vos
1021 1291 1163 1352 libertate

139 1397 281 1459 exuunt,
316 1388 372 1448 sed
401 1388 494 1449 iidem
517 1388 628 1462 eliam,
660 1388 727 1460 sas,
758 1401 789 1448 ct
818 1389 1004 1468 religionem
1038 1392 1167 1453 abolere

141 1488 363 1562 connituntur,
395 1510 431 1549 ac
463 1491 626 1550 veritatem
659 1490 860 1570 opprimunt,
891 1502 921 1551 et
942 1492 980 1551 ab
1003 1492 1167 1556 bominum

140 1588 269 1650 auribus
299 1600 482 1651 averterunt
509 1589 571 1650 Dei
600 1590 698 1652 verba
727 1612 761 1650 ac
789 1591 892 1670 ipsum
921 1591 984 1668 jam
1011 1593 1170 1676 acogita·

138 1690 280 1751 tionibus
310 1691 426 1752 nostris
450 1690 610 1753 Christum
637 1703 747 1772 parant
775 1691 933 1768 eximere,
968 1716 1074 1775 neque
1097 1714 1169 1755 cor·

138 1811 219 1872 pora
239 1801 348 1851 nostra
367 1791 507 1872 affligere
527 1793 600 1854 satis
616 1793 752 1867 habent,
784 1794 841 1853 sed
861 1793 894 1853 in
919 1793 1033 1856 animas
1055 1796 1168 1871 adhuc,

139 1891 345 1973 quantumin
374 1914 408 1954 se
429 1904 494 1969 est,
523 1891 718 1955 atrocissime
748 1894 898 1970 saeviunt,
931 1906 962 1956 et
988 1896 1166 1959 immaniter

138 1994 372 2077 degrassautur.
1100 1981 1106 1992 ³

541 2102 761 2165 Mercator.

215 2207 304 2267 Male
333 2215 481 2284 pereant,
516 2205 572 2286 qui
603 2214 664 2263 tam
694 2205 787 2266 variae
819 2204 1007 2286 perditionis
1037 2216 1166 2269 autores

140 2312 245 2374 suntl.
261 2310 314 2370 'l'u
333 2329 412 2369 vero
428 2329 474 2384 ,ue
495 2304 615 2366 desiste.
640 2305 856 2381 exhortando,
886 2327 993 2387 neque
1012 2308 1090 2388 hoc,
1112 2306 1167 2368 ad-

140 2412 245 2485 mitte,
279 2411 367 2492 quod
401 2409 570 2491 aliquando
598 2408 752 2492 suspicari
781 2408 935 2488 quosdam
957 2405 1114 2489 cognovi,
1135 2416 1171 2468 ut

140 2511 293 2597 pecunia,
315 2523 346 2572 et
366 2511 531 2592 largitione
552 2531 569 2570 a
589 2509 756 2589 proposito
779 2508 962 2595 detinearis.

546 2628 756 2688 Huttenus.

219 2731 332 2816 Iniqua
351 2730 412 2793 fuit
427 2727 587 2812 suspicio,
607 2723 792 2804 cujuscujus
812 2726 889 2800 suit;
910 2724 1173 2790 nondetinebor.

519 2845 776 2905 Franciscus.

220 2948 404 3022 Constabit,
435 2969 495 3029 pro
517 2946 587 3026 ipso
608 2945 762 3025 polliceor
781 2947 843 3006 hoc
862 2944 930 3006 tibi.
969 2945 1051 3007 Nam
1070 2952 1173 3008 totum

137 3051 303 3118 hominem
322 3050 418 3124 novi,
440 3061 471 3110 et
490 3049 575 3122 scio,
599 3046 713 3129 quaein
735 3047 875 3125 pericula
895 3043 1069 3122 conjecerit
1089 3069 1168 3127 prae·

138 3156 269 3237 cipitem
289 3173 342 3227 se,
364 3164 398 3212 ut
415 3153 528 3212 malum
548 3149 700 3212 excitaret
716 3148 795 3221 illis,
815 3149 869 3230 qui
886 3168 973 3208 uuue
991 3147 1173 3230 solentque
1239 3188 1242 3192 -

140 3268 175 3320 et
199 3253 334 3316 Lutheri
368 3252 495 3313 excidio
529 3249 662 3328 placari,
697 3269 732 3309 ac
762 3249 795 3310 in
826 3248 966 3330 quictem
996 3247 1173 3309 animorum

140 3356 268 3423 restitui
289 3376 383 3437 posse
404 3353 563 3413 videntur.
603 3351 649 3412 lta
668 3351 780 3441 ardent
799 3348 861 3423 ira,
883 3347 1012 3432 etodio
1032 3357 1172 3434 aestuant,

143 3462 188 3524 ob
209 3470 366 3520 ostensam
387 3455 425 3515 ab
445 3453 491 3516 his
513 3451 688 3514 Germaniae
707 3472 796 3513 suam
814 3450 977 3524 fraudem,
1005 3440 1041 3510 a'c
1062 3446 1172 3529 prodi-

140 3573 189 3623 tas
210 3581 281 3623 suas
302 3569 394 3620 artes.

544 3647 630 3709 Mer
641 3655 763 3706 cator.

220 3752 315 3817 Prius
341 3751 446 3814 omnia
465 3751 558 3824 fiant,
591 3767 686 3829 quam
714 3742 782 3806 voti
812 3755 975 3832 compotes
994 3743 1169 3807 reddantur

143 3854 239 3919 tales!
1006 3852 1036 3859 ’“
1071 3831 1079 3851 ’

262 3973 265 3978 ·
524 3943 783 4004 Franciscus.

222 4048 295 4112 Hoc
314 4068 435 4110 vovere
454 4045 621 4107 nobiscum
641 4042 718 4103 boni
739 4058 848 4102 omnes
868 4037 1004 4099 debent,
1042 4036 1105 4122 Sed
1125 4043 1170 4110 tu,

145 4154 236 4215 rides
256 4151 336 4228 jam,
357 4170 423 4211 non
443 4168 543 4210 unum
563 4145 724 4229 quoddam
742 4163 811 4204 esse
828 4152 1015 4222 praedonum
1037 4129 1070 4200 in
1091 4136 1172 4197 Ger·

132 4249 253 4320 mania
266 4250 391 4336 genus?
824 4304 827 4309 ,
880 4309 882 4313 ,
905 4296 907 4300 a

535 4325 768 4407 Mercator.
996 4360 999 4367 ι

235 4431 360 4506 Video,
383 4439 417 4491 et
435 4428 511 4490 dum
532 4411 770 4511 viv0,'sel1'1per
789 4421 975 4507 meminero.
1023 4462 1032 4497 ·.
1062 4507 1066 4520 ι
