2618 5108
189 836 257 909 120
320 868 325 872 ·
520 831 690 907 Monitor
734 831 884 932 primus.

182 1027 294 1090 luxum
311 1021 470 1098 defuerit,
490 1006 629 1100 dividit,
649 1036 836 1110 partemtpie
855 1026 925 1106 ejus
944 1037 1044 1109 ponet
1059 1047 1132 1090 eum
1145 1026 1216 1090 iuti·
1246 1057 1248 1060 >

183 1129 319 1191 delibus.
356 1127 440 1190 Audi
460 1148 560 1201 vero,
582 1125 657 1211 quis
676 1128 717 1188 de
733 1128 823 1189 Petri
842 1129 1080 1190 successoribus
1099 1128 1215 1205 agitur,

183 1232 296 1314 qrraies
316 1228 369 1291 iile
388 1229 528 1291 voluerit
548 1247 618 1291 esse
638 1229 905 1310 conpresbyter-os
925 1249 1017 1302 suos,
1038 1238 1071 1288 et
1088 1247 1216 1292 sucees-

182 1350 283 1396 sores.
324 1330 465 1404 Pascite,
495 1331 617 1413 inquit,
650 1341 803 1414 quantum
821 1328 856 1391 in
874 1330 968 1393 vobis
989 1339 1054 1403 est,
1082 1350 1216 1411 gregem

182 1431 320 1511 Christi,
339 1455 407 1496 non
427 1444 555 1509 coacte,
576 1434 634 1494 sed
652 1435 812 1505 volentes,
833 1418 899 1493 non
917 1431 1053 1511 turpiter
1065 1431 1215 1493 affectan-

180 1544 228 1598 tes
246 1536 388 1609 iuemrm,
410 1533 468 1596 sed
487 1554 649 1615 propenso
680 1531 803 1607 animo,
828 1552 936 1615 neque
961 1552 1022 1594 ceu
1048 1532 1214 1596 dominum

183 1645 373 1699 exercentes
394 1636 547 1698 adversus
565 1636 687 1708 eteros,
716 1633 775 1695 sed
793 1631 859 1708 sio,
880 1642 916 1694 ut
933 1631 1001 1695 sitis
1020 1634 1214 1716 exemplaria

181 1737 300 1820 grego.

600 1856 795 1919 Monitorss

256 1960 359 2023 Recte
378 1956 466 2037 fugio
486 1967 537 2034 te,
557 1969 594 2019 ut
613 1957 749 2021 absurda
767 1973 960 2022 monentem.

581 2081 821 2146 botherus.-

255 2184 384 2249 Arnon
405 2182 547 2260 sugeres,
577 2181 604 2243 si
625 2182 787 2247 Christum
814 2182 906 2266 sequi
926 2183 1033 2245 veiies.
1071 2179 1134 2245 Die
1153 2182 1212 2245 ite·

154 2288 155 2293 ’
177 2305 250 2348 rum
269 2270 346 2346 ¹mibi
368 2293 490 2355 autem,
524 2282 674 2345 Decimus
694 2284 783 2359 Leo,
802 2301 875 2345 eum
895 2295 927 2343 et
947 2280 1078 2344 biennio
1098 2270 1211 2345 abhine

178 2384 293 2450 iratres
313 2403 388 2445 suos
409 2381 593 2445 cardinales
615 2383 782 2458 occiderit,
809 2395 841 2445 et
860 2382 1032 2446 Urbinensi
1051 2381 1154 2457 bello,
1174 2392 1211 2443 ut

177 2485 354 2568 principem
381 2482 503 2552 faceret
538 2485 724 2564 nepotulum
751 2506 862 2561 suum,
892 2477 1003 2548 multas
1035 2485 1211 2567 perdiderit

177 2585 313 2658 animas,
335 2581 515 2647 servaritue
535 2581 674 2647 vicissim
693 2585 837 2668 aliquas?

595 2707 793 2771 Munitor.

253 2806 403 2894 lmperite
417 2828 526 2870 rerum
540 2808 701 2885 omnium,
720 2810 777 2892 qui
796 2829 862 2870 non
881 2808 990 2885 vides,
1011 2828 1108 2892 quam
1127 2829 1210 2894 quo·

175 2909 253 2976 tidie
272 2910 389 2974 multos
409 2909 499 2984 beet,
518 2908 657 2973 dimissis
678 2908 711 2972 in
731 2910 842 2972 orbem
861 2910 1072 2990 indulgentiis.

587 3034 806 3098 Lutherus.

180 3128 186 3141 ’
251 3134 359 3198 Video
376 3133 499 3197 assidue
518 3135 573 3197 has
591 3134 681 3197 iilum
698 3134 834 3198 mittere.
872 3135 937 3199 Sed
956 3133 1014 3219 qui
1033 3132 1210 3213 conjectari

172 3235 263 3309 iicet,
292 3236 332 3298 ad
351 3234 527 3296 animorum
546 3235 724 3299 beationem
749 3236 857 3299 iacere
880 3237 999 3319 aliquid
1017 3237 1096 3312 hoc,
1118 3235 1209 3319 quod

173 3337 226 3402 ille
245 3357 311 3400 non
327 3335 370 3397 ob
392 3335 561 3416 idipsum,
587 3337 644 3399 sed
655 3347 690 3399 ut
702 3337 869 3416 pecuniam
882 3337 1026 3421 colligat,
1047 3335 1208 3399 instituit?

173 3438 272 3522 Quod
284 3436 310 3498 si
326 3457 392 3498 non
409 3446 493 3498 esset
503 3437 608 3513 etiam,
629 3458 736 3523 neque
745 3440 869 3501 luorum
884 3440 929 3502 ibi
945 3459 1038 3504 suum
1050 3447 1209 3520 maereret
1263 3440 1305 3527 χ’

173 3540 262 3624 ipse,
284 3549 389 3601 tamen
409 3541 531 3601 censeri
551 3560 618 3601 non
637 3539 786 3614 deberet,
814 3540 875 3600 hoe
893 3557 990 3618 posse
1010 3558 1084 3600 eum
1104 3537 1206 3618 prius,
1231 3474 1298 3677 ss

173 3663 270 3728 quam
287 3640 379 3704 iactis
402 3639 543 3703 dedisset
562 3638 632 3722 ipse
649 3640 862 3703 sanctimonie
881 3661 946 3703 sure
965 3625 1222 3726 documentum
1242 3684 1246 3695 ,

171 3743 233 3820 ita,
254 3753 291 3804 ut
309 3742 343 3805 in
361 3742 529 3804 beatorum
547 3761 714 3804 numerum
734 3742 862 3805 futinus
873 3723 1031 3804 credatur.
1049 3739 1208 3802 Libenter

171 3845 270 3908 muita
281 3843 401 3905 Leonis
415 3854 589 3923 pretereo,
607 3863 646 3905 ao
660 3841 744 3904 iilius
756 3841 845 3919 vitre,
866 3852 1020 3925 quantum
1030 3840 1115 3916 iicet,
1135 3860 1208 3921 par·

172 3966 229 4021 eo,
249 3945 396 4007 homines
414 3963 495 4005 vero
516 3943 632 4018 miror,
659 3942 716 4026 qui
743 3943 851 4007 salutis
869 3942 1049 4023 presidium
1074 3941 1109 4002 iu
1128 3960 1208 4003 con·

172 4044 422 4119 donationibus,
457 4066 527 4128 que
544 4044 713 4131 bonorum
733 4065 868 4123 operum
887 4044 1098 4107 cessationem
1112 4041 1208 4105 indu·

171 4159 268 4222 cunt,
286 4149 457 4222 eoiiocant,
471 4166 543 4207 oum
557 4144 669 4220 scinne
683 4146 779 4207 iidem
790 4146 860 4209 sine
876 4145 1029 4226 operibus
1046 4153 1207 4206 mortuam

172 4269 254 4313 esse.
294 4248 373 4309 Nam
390 4246 417 4308 si
436 4245 546 4308 venias
570 4266 594 4307 a
609 4245 767 4308 Pontifice
787 4246 959 4322 emersam,
985 4246 1018 4308 id
1037 4263 1117 4306 vero
1139 4241 1208 4305 ani·

170 4370 237 4413 inas
259 4346 527 4431 quemadmodum
548 4348 604 4430 qui
624 4347 832 4410 nundinatum
845 4349 906 4410 huo
919 4346 1106 4418 mittuntur,
1126 4363 1206 4423 pre·

171 4450 295 4525 dicant,
325 4451 477 4524 salvaret,
508 4448 583 4511 nihii
607 4468 757 4529 magnum
777 4459 877 4526 esset,
916 4467 1021 4512 amare
1047 4445 1154 4510 Deum
1171 4452 1206 4505 et
