2618 5108
393 814 399 823 “
475 785 741 885 Expostulatio.
1043 790 1120 872 Μ

95 971 278 1056 sugillatum
312 975 492 1060 ignominiae
517 989 550 1041 et
567 964 738 1057 dedecori,
766 973 919 1064 quantum
943 980 979 1045 in
997 991 1029 1045 te
1054 991 1122 1060 est}

95 1073 301 1153 exposuistis.
340 1077 497 1141 Praeterea
512 1080 553 1142 de
573 1071 757 1165 evangelico
772 1093 803 1146 et
815 1081 964 1144 libertatis
977 1081 1122 1162 negotio,

95 1174 130 1237 in
150 1197 218 1259 quo
244 1196 425 1256 acceperam
445 1182 655 1262 quorumdam
680 1183 795 1257 telam,
826 1181 910 1243 haud
928 1180 1060 1264 perinde
1084 1199 1123 1247 ao

97 1274 172 1338 olim
193 1276 313 1339 versari
332 1289 382 1355 te,
412 1281 540 1341 sedvel
560 1281 649 1343 aliter
668 1282 802 1358 sentire,
827 1284 879 1342 vel
898 1281 925 1343 si
944 1281 1028 1344 idem
1046 1301 1121 1344 sens

95 1374 170 1452 tias,
203 1375 292 1439 aliter
311 1388 415 1439 tamen
432 1379 540 1462 loqui,
571 1382 741 1444 admonere
763 1385 918 1446 volebam.
965 1382 1064 1443 Forte
1088 1388 1123 1445 et

100 1475 159 1538 alia
185 1477 354 1541 afferebam
373 1483 551 1560 complura,
582 1482 639 1545 sed
659 1503 797 1564 quorum
816 1481 892 1544 nibil
915 1502 980 1544 non
999 1491 1067 1544 erat
1081 1479 1121 1544 ‘iu‘

99 1596 167 1639 rem
187 1572 370 1662 utriusque,
399 1599 471 1640 curn
491 1580 565 1642 mihi
586 1583 724 1644 occurrit
752 1585 821 1662 ipso
841 1580 944 1644 statim
961 1582 1030 1657 die,
1051 1600 1119 1662 quo

97 1677 251 1743 Basileam
279 1679 441 1761 ingressus
461 1701 549 1756 sum,
569 1685 743 1744 communis
762 1694 870 1745 noster
896 1681 1012 1744 amicus
1032 1682 1122 1743 Heu·

96 1779 182 1843 ricus
202 1780 249 1842 'ab
272 1778 465 1859 Eppendorf
480 1801 598 1863 eques,
625 1785 680 1863 qui
700 1781 831 1845 metuis
851 1783 957 1846 verbis
977 1777 1121 1845 salutavit

97 1868 251 1964 primumss
280 1879 395 1943 deinde
415 1879 521 1960 petiit,
546 1901 586 1941 ne
606 1892 654 1957 te,
683 1894 851 1966 postquam
871 1883 925 1945 illo
944 1881 1121 1959 venissem,

96 1980 217 2047 invidia
250 1999 424 2061 gravarem.
475 1981 512 2043 ld
546 2001 608 2063 ego
639 2002 711 2045 eum
739 1983 866 2046 minime
895 1982 1121 2065 intelligerem,

100 2083 195 2163 quale
215 2090 314 2154 esset,
334 2077 376 2140 ait
395 2081 536 2155 tandem,
558 2083 620 2142 hoc
639 2093 748 2162 petere
767 2094 815 2160 te,
837 2105 878 2145 ne
893 2095 978 2145 tuam
990 2084 1122 2145 domum

101 2181 315 2242 adverterem.
364 2179 492 2244 Timere
515 2192 547 2244 te
578 2183 677 2257 enim,
707 2204 748 2246 ne
774 2183 880 2246 fraudi
899 2183 957 2246 tibi
976 2183 1016 2246 sit
1035 2181 1123 2264 apud

100 2279 245 2345 inimicos
274 2299 379 2356 meos,
412 2279 522 2344 sinos
550 2294 755 2346 conversatos
776 2284 924 2347 audiant.
970 2283 1034 2346 Hic
1052 2301 1122 2359 me,

103 2392 136 2443 et
176 2380 204 2442 si
237 2378 352 2442 misere
391 2382 560 2444 admodum
599 2384 808 2448 exacerbabat
847 2384 941 2449 animi
975 2406 1122 2462 morsus,

100 2483 200 2546 multa
219 2491 321 2543 tamen
340 2481 497 2544 donabam
518 2494 550 2544 et
569 2483 631 2544 tuis
650 2484 835 2564 virtutibus,
862 2497 895 2549 et
912 2496 1027 2549 nostras
1046 2484 1124 2550 ami·

100 2582 195 2658 citis,
227 2592 259 2643 et
282 2581 445 2645 hominum
470 2582 584 2664 passim
608 2583 768 2664 opinioni,
788 2584 863 2647 nibil
883 2586 959 2648 dum
977 2606 1124 2666 comper·

101 2695 169 2746 turn
198 2681 337 2759 babens,
371 2683 551 2747 decrevisse
591 2681 654 2764 jam
679 2683 803 2747 hostilia
838 2695 886 2760 te,
915 2695 948 2747 et
977 2696 1123 2767 paratum

101 2782 219 2848 babere
246 2781 332 2845 domi
358 2787 472 2859 telum,
501 2784 591 2867 quod
618 2783 651 2845 in
671 2783 740 2846 veri
758 2795 948 2860 assertores,
976 2796 1009 2846 et
1027 2784 1124 2849 liber.-

101 2883 173 2946 tatis
192 2883 333 2948 vindices
353 2882 529 2963 ejaculatis.
568 2883 680 2966 ltaque
699 2883 807 2948 distuli
825 2906 884 2967 per
901 2884 1005 2948 literas
1025 2903 1122 2967 agera

103 2996 227 3062 tecum,
254 2985 282 3049 si
307 2995 342 3046 tu
370 2983 454 3046 forte
475 3005 650 3049 conversus
677 2985 798 3062 ariimo,
827 2986 1012 3050 accersitum
1029 2987 1070 3049 ad
1090 2997 1122 3049 ta

104 3085 215 3149 audire
233 3085 415 3148 sustineres.
455 3087 529 3167 Quo
549 3096 581 3146 te
599 3097 635 3146 ut
654 3108 880 3169 provocarem,
905 3104 1123 3170 sepenumero

104 3196 217 3271 praeter
244 3186 374 3247 domum
399 3196 505 3260 tuam,
540 3185 596 3248 ubi
626 3185 701 3248 nihil
732 3198 797 3250 tum
816 3188 938 3272 negotii
957 3189 1031 3251 mihi
1049 3188 1122 3266 fuir,

105 3308 178 3350 eum
201 3284 306 3348 amicis
331 3284 544 3360 deambulavi,
575 3307 681 3370 neque
709 3288 839 3364 dubito,
868 3288 946 3373 quin
965 3289 1011 3352 sic
1029 3289 1124 3352 ober-

104 3398 225 3452 rantem
253 3389 323 3468 plus
350 3386 446 3447 semel
476 3384 604 3448 videris.
653 3387 797 3472 Contigit
825 3390 941 3451 deinde
966 3389 1053 3453 abire
1071 3408 1123 3452 naa

107 3489 258 3564 celerius,
293 3509 388 3570 quam
406 3486 643 3561 constitueram
670 3510 806 3570 cumque
832 3490 883 3552 hic
912 3490 1124 3553 decrevissem

105 3591 265 3673 reliquum
283 3589 476 3668 hybernare,
495 3587 593 3671 idque
615 3587 720 3651 amicis
739 3588 828 3665 istic,
858 3599 894 3650 ut
914 3609 1016 3668 prope
1035 3587 1124 3651 Basi-

106 3693 155 3755 lea
182 3703 244 3766 est,
271 3681 480 3765 innotuisset,⁴
510 3699 674 3770 coeperunt
700 3688 752 3750 alii
779 3711 837 3770 per
863 3690 985 3764 literas,
1016 3699 1054 3751 ut
1075 3691 1124 3767 fit,

106 3791 262 3876 colloqui:
301 3790 352 3853 alii
385 3790 470 3853 facto
506 3789 619 3853 itinere
652 3788 745 3851 etiam
775 3790 923 3852 invisere.
978 3792 1126 3875 Quorum

106 3895 223 3968 relatu,
262 3913 362 3975 quum
392 3890 478 3953 forte
512 3911 616 3953 sermo
651 3889 829 3965 incidisset,
865 3889 1022 3972 cognovi,
1054 3912 1124 3974 quaa

55 4005 63 4017 '
107 3997 224 4059 soleres
261 3994 295 4056 in
323 3994 519 4067 Lutherum,
555 4003 587 4053 et
624 3990 666 4053 illi
699 3991 858 4066 faventes,
891 3990 1035 4073 quotidie
1060 3991 1125 4055 dis-

106 4116 225 4159 serere.
262 4097 304 4157 Et
324 4094 413 4177 quod
432 4093 508 4155 nihil
536 4091 765 4156 dissimulanter
790 4091 953 4154 minareris
973 4093 1125 4157 calarnum

108 4215 241 4280 quoque
268 4194 379 4268 nobis,
411 4204 443 4254 et
469 4193 588 4256 solidos
617 4194 698 4254 adeo
724 4190 837 4267 libros,
872 4191 987 4274 quibus
1007 4204 1124 4255 sectam

107 4297 187 4359 hanc
206 4296 405 4377 percelleres.
451 4297 529 4374 Quae
553 4293 628 4356 mihi
646 4312 698 4354 res
716 4292 927 4372 suspicionem
945 4291 1046 4354 movit
1062 4303 1125 4354 sta·

107 4395 181 4473 rim,
209 4415 276 4458 non
293 4394 369 4458 nihil
388 4415 476 4472 esse,
504 4395 594 4478 quod
616 4391 703 4474 prius
723 4393 918 4456 monuissent
936 4391 1043 4475 aliqui.
1082 4395 1124 4455 Et
