2588 5048
131 790 177 862 26
355 786 398 860 In
422 787 627 862 Lutherunt
651 785 756 865 Bulla
778 784 927 863 Leonis

129 982 190 1046 bns
210 984 311 1064 palam
330 979 475 1065 sequitur
496 977 541 1056 a),
576 978 711 1042 eandem
735 976 917 1055 eeclesiam,
949 1000 1019 1062 qaia
1039 978 1160 1062 Spiritu

131 1083 245 1145 Sancto
265 1081 406 1161 regitur,
438 1100 564 1156 errare,
593 1091 625 1141 et
644 1096 770 1160 sempor
791 1100 911 1146 errasse
931 1078 981 1155 t):
1003 1081 1092 1165 quod
1112 1092 1162 1144 est

129 1182 242 1268 utique
262 1195 373 1245 eontra
397 1182 474 1244 illud
499 1181 595 1273 quod¹
618 1178 763 1245 Christus
780 1180 806 1256 e)
840 1181 1000 1264 discipulis
1031 1180 1095 1247 suis
1126 1182 1160 1246 in

129 1285 314 1348 ascensione
334 1305 412 1363 sua,
442 1281 530 1345 utin
550 1293 660 1346 sancto
680 1283 846 1365 cvangelio
863 1283 1006 1363 Matthaei
1032 1285 1159 1366 legitur,

129 1384 278 1467 promisit
297 1383 428 1449 dicens:
461 1384 534 1466 Ego
555 1383 719 1447 vobiscum
738 1407 808 1448 sum
828 1406 931 1469 usque
952 1386 991 1448 ad
1010 1404 1161 1472 eonsum-

131 1484 301 1550 mationem
329 1483 434 1547 sarculi
454 1486 501 1558 d);
531 1505 592 1547 nee
616 1506 683 1551 uon
707 1497 821 1552 eontra
838 1496 1017 1554 sanctorum
1036 1497 1163 1566 potrum

130 1586 409 1650 determinationes
424 1584 472 1661 e),
507 1584 716 1650 conciliorum
741 1607 873 1671 quoque
905 1596 938 1650 et
965 1606 1162 1651 summorum
1171 1608 1184 1622 ··

131 1687 326 1755 Pontificum
345 1707 511 1773 expressas
539 1686 757 1755 ordinationes
783 1709 841 1755 seu
860 1706 1013 1767 corones,
1042 1686 1161 1774 quibus

197 1928 307 1985 sanetis
317 1927 492 1991 hominibus
505 1928 642 1998 injuriam
653 1928 753 1984 facero
765 1929 878 1999 desino,
895 1938 930 1984 ut
939 1927 977 1991 ab
989 1926 1023 1984 iis
1037 1927 1158 2000 scripta,

198 2029 343 2085 perverse
364 2014 399 2068 ad
416 2022 503 2069 tuum
522 2013 719 2077 commodum
736 2022 890 2086 torqueas.
927 2042 928 2046 ,

162 2121 192 2191 a)
212 2122 280 2178 Hoc
300 2122 420 2193 quidem
452 2142 513 2180 non
540 2123 691 2194 sequitur,
719 2123 773 2178 sed
801 2121 1004 2197 egestastlbl‚
1039 2123 1176 2197 tuisque·

210 2207 427 2278 protonotarlls
448 2219 477 2262 et
495 2208 645 2263 creaturis
664 2209 821 2269 incumbit.

161 2315 192 2385 t)
213 2315 306 2388 Quasi
326 2318 440 2371 nesciat
460 2317 565 2385 orbis,
594 2335 653 2373 nec
673 2318 711 2373 sit
736 2317 766 2377 iu
784 2315 906 2387 publica
923 2317 1064 2387 querela,
1090 2317 1157 2372 haec

196 2401 299 2456 omnia
319 2400 383 2457 deri
404 2419 486 2463 nunc
503 2403 611 2463 Romae
624 2401 870 2461 Florentinorum
890 2400 1050 2468 instinctu,
1069 2410 1156 2471 atque

194 2502 289 2540 unum
318 2495 348 2540 et
374 2487 501 2544 alterum
530 2488 657 2543 civitatis
689 2497 747 2543 tua
778 2486 937 2546 ecclesiam
966 2485 1155 2554 gubernare:

198 2570 296 2643 ipsum
324 2582 354 2627 te
382 2573 471 2631 etiarn
489 2583 599 2643 praetar
625 2573 748 2634 illorum
774 2571 947 2643 praescripta
965 2570 1038 2628 nihil
1057 2588 1155 2640 apere.

196 2657 327 2731 Quoties
347 2657 435 2725 igitur
452 2660 623 2713 monendus
642 2675 693 2724 es,
721 2674 759 2710 ne
784 2665 869 2712 tuum
888 2667 1075 2720 conventum
1094 2673 1156 2716 ma.
1194 2668 1195 2671 ’

195 2743 371 2814 lignantium
389 2752 523 2808 sanctam
540 2760 635 2801 voces
653 2742 823 2803 ecclesiam,

159 2851 187 2921 a)
206 2851 350 2907 Strenuus
369 2862 576 2925 propugnator
603 2851 782 2921 evangelicae
811 2851 956 2911 doctrina
991 2858 1037 2908 ast
1059 2850 1156 2906 Deci.

193 2954 272 2995 mus.

160 3044 192 3115 d)
210 3046 320 3119 Neque
339 3065 401 3128 non
422 3047 486 3105 erit.
541 3034 653 3118 Teque
677 3033 710 3103 ut
736 3046 842 3117 injuria
870 3054 992 3119 potente
1014 3045 1156 3117 deponet,

193 3148 231 3185 ne
243 3133 341 3207 gravis
353 3133 394 3190 sis
412 3131 597 3198 humilibus,
616 3148 694 3204 quos
707 3131 869 3199 exaltabit3
888 3143 1033 3203 tuumque
1046 3130 1156 3186 fastum

198 3216 389 3284 confringet,
409 3227 439 3270 et
456 3215 659 3294 pharisaicum
680 3217 750 3271 illud
768 3217 963 3293 supercilium
982 3217 1156 3286 complana,

197 3298 253 3359 bit.
290 3300 379 3360 Videt
397 3301 475 3356 enim
489 3301 629 3371 laqueum
643 3299 775 3361 derives
789 3299 1006 3373 speculationi,
1028 3309 1058 3356 et
1075 3301 1156 3356 sicut

194 3393 261 3439 rete
282 3400 449 3455 expansum
467 3401 559 3455 super
579 3385 725 3453 Thabor3
756 3386 797 3440 ob
819 3388 907 3457 idque
926 3387 1025 3449 dicetr
1052 3401 1156 3439 nonne

194 3479 385 3539 cognoscent
412 3485 520 3524 omncs
540 3469 590 3539 qui
610 3479 775 3540 operantur
794 3470 999 3541 iniquitatem,
1032 3471 1083 3540 qui
1104 3470 1157 3524 de.

191 3564 303 3610 vorant
328 3553 450 3625 plebem
476 3570 592 3619 meam,
626 3554 705 3609 sicut
734 3570 835 3613 escam
864 3555 960 3625 panis.
1007 3553 1155 3626 Videtque

193 3655 310 3694 summa
329 3639 399 3695 cuin
418 3639 525 3707 injuria
544 3639 711 3694 ohrimlanae
730 3639 846 3709 plebis,
863 3638 1052 3710 tyrannidem
1067 3655 1156 3693 exer.

193 3740 263 3777 cere
282 3742 357 3792 vos,
377 3733 408 3778 et
424 3724 525 3790 dioet;
545 3725 598 3792 „Si
613 3725 769 3780 nolueritis
789 3725 911 3792 audire,
932 3735 963 3780 et
981 3724 1004 3778 si
1023 3725 1157 3779 uolucri.

192 3809 230 3862 tis
247 3825 362 3879 ponere
384 3824 476 3880 super
502 3826 577 3875 cor,
609 3819 642 3864 ut
667 3810 742 3864 detis
770 3810 897 3877 gloriam
924 3810 1039 3866 nomini
1069 3825 1154 3889 inco,

192 3893 307 3949 mittam
324 3894 355 3951 in
373 3909 430 3948 vos
449 3903 628 3963 egestatem,
647 3905 676 3948 et
694 3894 871 3956 maledicam
889 3894 1155 3974 benedictionibus

192 3978 310 4041 vestris,
356 3977 424 4046 Ego
448 3980 527 4035 enim
545 3977 708 4039 Dominus.
757 3982 826 4036 Hoc
846 3991 890 4037 est
906 3998 1019 4040 nomen
1038 3995 1154 4033 meum.

192 4061 333 4119 Gloriam
360 4079 460 4118 meam
491 4064 575 4118 alteri
606 4081 668 4121 non
688 4066 804 4122 dubo.“
849 4065 898 4120 Sic
916 4066 1077 4121 nobiscum
1098 4064 1155 4118 erit

190 4145 300 4214 Deus;
331 4149 413 4219 quod
442 4149 496 4202 nisi
524 4149 720 4205 indubitatum
742 4151 834 4206 uobis
861 4151 987 4217 diisset,
1017 4165 1077 4204 non
1109 4149 1154 4204 sie

196 4230 386 4307 confidenter
404 4233 554 4288 obsistere
575 4234 628 4288 tibi
647 4237 775 4313 aggressi
798 4249 944 4292 essemus.

158 4322 188 4392 e)
206 4323 325 4380 Eorum
343 4326 391 4380 dic
408 4326 658 4399 Episcoporum‚
688 4328 738 4398 qui
759 4328 920 4383 ecclesium
939 4343 1065 4396 regnum
1084 4343 1153 4383 esse

190 4409 370 4484 voluerunt,
390 4421 477 4486 atque
495 4414 567 4470 huic
588 4429 620 4478 sc
639 4428 725 4484 reges
744 4413 957 4484 prefecerunt.
