2588 5048
677 363 683 371 ι

132 685 203 769 472
234 690 237 695 ’
355 699 358 705 ’
470 682 630 786 Spongia
651 684 795 761 Esaami

129 874 319 943 discesserit·
366 869 495 960 Ubique
521 896 573 949 aaa
592 877 796 943 vanissimum
813 867 906 955 istit,
932 879 966 939 el
985 868 1163 953 inpuden-

130 975 250 1041 duime
284 976 485 1055 mendaeem,
522 976 582 1041 sibi
613 978 777 1042 veritatem
809 977 891 1040 illam
923 975 1160 1039 adamandas·

130 1092 293 1160 arrogans.
316 1076 388 1165 [Αἱ
406 1096 475 1157 ego.
489 1077 683 1159 paucissimis
708 1077 742 1140 iu
759 1077 819 1140 hae
835 1076 927 1139 laude
946 1089 1158 1140 eossceuero.

129 1176 305 1241 Mendsees
316 1176 445 1241 oderam
456 1175 519 1254 jara
533 1179 744 1341 equulus,
761 1197 857 1240 seusu
870 1177 1009 1260 quodam
1021 1184 1160 1251 nalum,

130 1296 203 1342 uum
231 1277 373 1342 noudum
398 1276 527 1354 aeirem,
558 1298 602 1362 qu
663 1288 746 1341 esset
771 1275 985 1348 mendacium
1015 1287 1049 1339 et
1068 1293 1160 1338 mursa

63 1364 71 1384 ’
130 1379 274 1443 homiues
300 1375 459 1456 ejusmodi
484 1376 531 1440 sie
556 1398 703 1454 aversor,
733 1388 769 1440 ul
795 1376 888 1440 eliam
914 1376 983 1456 ipso
1012 1395 1159 1457 corpure

130 1497 334 1542 eommovear
369 1477 409 1559 ad
454 1476 580 1541 illorum
615 1489 784 1558 aspectum.
837 1476 945 1553 Hujus
979 1476 1028 1538 rei
1058 1486 1159 1539 testes

9 1652 11 1656 Α
130 1589 241 1655 mul,
285 1577 342 1660 qui
383 1576 526 1641 eominus
568 1577 713 1641 familiari
745 1576 981 1660 domesticaque
1018 1591 1160 1638 euersae

130 1677 241 1742 tudine
260 1696 365 1741 meum
390 1687 608 1758 pernoverant
639 1676 811 1759 ingenium.
852 1678 918 1739 lmo
941 1674 1057 1759 quibus
1081 1698 1160 1757 pru·

133 1777 205 1860 pius
224 1789 319 1841 notus
337 1797 423 1854 sum,
441 1778 517 1840 illud
536 1776 611 1839 mihi
629 1777 740 1839 vitium
759 1798 820 1840 eeu
835 1778 990 1857 peculiare
1011 1776 1160 1840 tribuual

134 1880 250 1961 lingue
264 1878 436 1940 libertatem
447 1877 661 1952 immodicam,
683 1898 752 1959 quas
772 1899 883 1939 verum
902 1890 1005 1938 lacere
1026 1877 1159 1941 neseiat.

132 1980 240 2061 Atque
262 1979 326 2040 haee
345 1989 393 2040 est
410 1979 567 2060 praecipua
586 1997 695 2050 eausa,
727 1998 784 2039 cur
803 1998 853 2039 me
874 1977 914 2039 ab
934 1976 1009 2039 aulis
1030 1976 1159 2040 Princi-

109 2070 115 2082 ’
133 2098 210 2161 pum
229 2077 453 2153 subduxerim,
481 2076 667 2159 inquibus,
689 2077 766 2139 velis
786 2076 884 2151 nolis,
910 2080 1005 2139 mulla
1024 2077 1160 2159 indigua

132 2190 228 2260 alque
248 2177 356 2257 iniqua
374 2177 539 2241 mussanda
557 2187 640 2239 sunl.
679 2175 800 2256 Objieit
820 2176 1040 2250 incivilitatem,
1058 2191 1159 2260 atque

132 2276 234 2340 eliam,
241 2274 405 2354 perfidiam
424 2295 500 2354 erga
520 2274 647 2338 amicos.
685 2275 899 2339 lneivililalem
914 2277 991 2358 quid
1008 2279 1157 2358 appellet,

132 2375 254 2457 neseio,
292 2375 478 2449 Dedueere,
504 2376 678 2450 reducere,
708 2397 839 2453 vocare,
870 2378 996 2439 esitare
1017 2379 1055 2438 ad
1077 2398 1157 2442 euss-

133 2474 273 2550 vivium,
305 2492 341 2536 ae
367 2473 518 2538 similibus
548 2475 730 2558 vulgaribus
757 2476 867 2539 officiis
897 2477 942 2538 uti
973 2496 1157 2558 ergaque·

133 2575 199 2651 vis,
220 2594 280 2639 nee
302 2585 350 2638 eal
368 2574 462 2652 hujus
482 2576 682 2650 valetudinis,
705 2596 763 2638 nec
782 2577 915 2639 hominis
929 2586 975 2637 tot
989 2576 1156 2661 laboribus

133 2675 278 2740 districti.
313 2679 511 2758 Quamquam
524 2675 647 2738 iuterim
659 2697 722 2757 ego
737 2675 788 2739 ille
801 2676 949 2752 incivilis,
971 2678 1040 2756 plus
1060 2699 1157 2759 quam

132 2776 299 2839 dimidium
318 2776 470 2856 temporis
489 2777 638 2856 impendo
652 2777 809 2856 epistolis,
830 2777 945 2859 quibus
958 2779 1155 2857 respondeo,

133 2876 251 2959 quibus
279 2878 398 2950 saluto,
430 2885 484 2938 aut
510 2877 697 2939 commendo
727 2877 854 2941 amieos.
890 2877 995 2940 Alicui
1019 2878 1157 2944 lostam

135 2974 310 3056 pernegari
324 2974 522 3052 convivium,
540 2996 616 3038 mess
636 2976 726 3039 saluti
741 2978 919 3041 consulens.
942 2981 984 3040 At
1002 2977 1158 3062 frequen·

133 3082 182 3135 lea
204 3072 401 3156 obsequutus
425 3094 495 3141 sum
518 3096 632 3157 magno
649 3077 845 3147 ,valetudinis
869 3097 945 3138 meae
977 3078 1158 3158 dispendio.

134 3173 249 3256 Neque
268 3190 342 3235 raro
362 3172 484 3256 ineptii,
503 3178 579 3238 dum
597 3175 768 3239 amicorum
786 3177 912 3240 affectui
931 3199 1052 3242 morem
1064 3201 1158 3261 gem,

135 3270 229 3354 eujus
248 3271 395 3356 obsequii
413 3293 465 3337 me
482 3273 670 3358 frequenter
691 3277 843 3358 poeniluil.
891 3279 1031 3342 Prodest
1050 3291 1157 3346 aulem

135 3373 251 3458 aliquis
270 3372 408 3451 amicus,
427 3373 480 3438 eui
498 3378 639 3454 negarim
659 3376 753 3439 fidele
772 3377 956 3453 eonsilium,
986 3379 1041 3441 eui
1060 3402 1159 3463 nega·

136 3474 194 3540 rim
221 3474 374 3551 officium,
404 3475 579 3560 siquando
599 3498 650 3540 res
671 3477 755 3540 serio
774 3479 967 3557 postulabat;
988 3481 1046 3543 sed
1067 3482 1158 3544 oble·

136 3587 214 3639 slala
226 3575 301 3652 lide,
322 3574 449 3659 quidam
460 3575 569 3660 questi
584 3588 656 3640 sunt
670 3577 711 3640 de
730 3598 800 3641 mea
821 3580 963 3659 perfidia.
983 3581 1158 3647 Perfidim

136 3675 218 3745 mihi,
232 3697 291 3740 uec
306 3673 453 3767 iuimicus
467 3697 606 3760 unquam
618 3677 748 3760 objecit.
786 3680 853 3741 Nee
868 3679 1020 3755 dubitem,
1046 3702 1159 3748 omnes

136 3777 255 3840 amicos
285 3795 480 3857 provocare,
512 3789 548 3840 ul
565 3779 746 3860 proferant,
775 3777 832 3841 ubi
855 3799 921 3841 nou
949 3782 1160 3861 prestiterim,

137 3878 229 3960 quod
250 3876 376 3958 recepi,
415 3877 471 3942 ubi
503 3880 667 3943 mendacio
703 3881 820 3943 dolove
850 3879 1033 3956 fefellerim,
1062 3883 1162 3962 cuim

137 3995 285 4040 arcanum
299 3977 479 4042 effutierlm.
509 3980 642 4044 Possum
656 3981 733 4043 illud
750 3980 822 4045 milii
837 4001 909 4043 meo
929 3978 1000 4061 jure
1018 4003 1161 4062 sumen,

137 4097 314 4160 perpaucos
332 4098 420 4154 essa,
446 4079 505 4163 qui
523 4080 584 4144 sint
603 4081 743 4144 amicilia
763 4084 952 4157 tenaciores,
974 4104 1162 4167 quamego.

138 4178 246 4261 Atque
266 4177 383 4242 utinam
408 4181 538 4248 luissem
557 4195 618 4248 lam
645 4187 678 4250 in
706 4180 915 4261 suscipiendis
934 4181 1077 4246 amicitiis
1105 4186 1162 4250 vel

138 4280 231 4357 lelix,
251 4283 303 4344 vel
322 4283 585 4365 circumspectus,
603 4306 699 4366 quam
719 4305 789 4349 sura
804 4294 951 4351 euualaus
967 4283 1001 4347 iu
1016 4285 1161 4353 reliueu·
