2618 5108
865 46 870 62 t

410 818 420 829 ·=
526 767 713 880 Dialogus.

514 973 734 1039 Lutherua.

180 1080 282 1143 Etiam
304 1078 366 1142 hic.

516 1183 717 1246 Monitor.

177 1285 370 1366 Impudens,
390 1294 505 1347 uttam
529 1284 678 1348 sordidos
690 1286 773 1348 ierat
788 1283 932 1349 nobilitas
945 1286 1132 1352 Germanica

100 1385 271 1449 dominos?

510 1492 731 1558 Lutherus.
1009 1554 1010 1558 ,

178 1595 221 1691 At
240 1607 316 1657 tunc
336 1593 540 1657 domininon
560 1608 652 1657 erunt
671 1593 840 1678 Episcopi,
859 1595 917 1658 sed
938 1602 1095 1676 pastores.

509 1709 708 1780 Monitor.

177 1817 314 1882 Vincam
332 1829 364 1880 te
383 1838 449 1879 uno
472 1818 584 1881 verbo.
632 1820 760 1901 Regere
781 1815 865 1880 enim
883 1815 973 1897 licet,
999 1818 1131 1904 quibus·

99 1937 231 2002 cunque
255 1919 361 1981 datum
380 1930 427 1981 est
445 1938 588 1998 pascere.

489 2044 729 2116 ,Lutberun

175 2141 270 2205 Licet
287 2161 400 2219 regere
424 2151 461 2202 ut
486 2141 546 2219 ais,
576 2145 633 2207 sed
653 2144 771 2207 animos
801 2143 982 2222 bominum,
1009 2145 1132 2230 nequid

101 2244 279 2308 :veritatis
299 2242 351 2306 via
369 2243 527 2305 aberrent.
565 2244 729 2307 Mundana
748 2265 827 2307 vero
847 2245 904 2308 ista
927 2246 1075 2328 imperia,
1097 2258 1130 2309 et

103 2343 323 2428 temporariam
343 2364 469 2405 omnem
489 2345 757 2425 negotiationem,
778 2367 813 2407 ae
832 2368 940 2409 rernm
967 2369 1036 2430 quae
1055 2368 1132 2410 mox

101 2446 249 2529 periturae
269 2457 359 2520 sunt,
390 2465 514 2520 curam,
533 2446 713 2526 Episcopus
737 2445 933 2509 Christianus
952 2448 993 2509 ad
1017 2467 1052 2511 se
1075 2468 1132 2528 pe·

102 2547 185 2609 nitus
212 2544 288 2608 nihil
315 2545 475 2627 pertinere
500 2545 680 2610 existimare
711 2546 817 2610 debet.
862 2549 977 2631 Neque
1003 2540 1133 2613 enimsi

105 2647 171 2710 huc
190 2657 316 2728 ageret,
336 2665 448 2708 curare
462 2644 521 2708 ista
539 2657 658 2728 posset.

517 2771 720 2834 Monitor.

175 2872 278 2957 igitur
295 2895 345 2936 me
359 2893 491 2957 qnoque
507 2871 646 2954 abjicere
668 2869 835 2954 pecuniam
854 2870 962 2947 voles,
984 2882 1016 2935 et
1029 2870 1135 2935 dimit·

100 2983 169 3037 tere
187 2995 306 3058 equos,
326 2995 362 3036 ac
381 2974 536 3049 famulos,
562 2984 598 3035 ut
620 2974 875 3048 nudus'coelum,
907 2973 997 3054 quod
1018 2971 1052 3034 in
1070 2975 1133 3036 boo

99 3093 212 3138 errore
230 3074 359 3150 ubisit,
380 3094 448 3137 non
465 3072 558 3136 focile
582 3075 663 3136 scire
679 3072 801 3150 licebit,
822 3071 982 3157 queram?

509 3200 728 3262 Lutherus.

175 3299 322 3386 Minime.
361 3302 441 3363 Nam
463 3319 533 3383 quae
557 3299 642 3374 dixi,
666 3299 884 3380 perfectorum
906 3311 990 3363 sunt.
1027 3298 1134 3364 Vobis

99 3400 195 3465 etiam
227 3401 261 3464 in
300 3399 453 3467 mediocri
483 3400 536 3460 ilio
567 3409 650 3463 statu
685 3402 797 3462 salvari
832 3398 865 3463 in
895 3411 1045 3483 promptu
1073 3410 1131 3463 est.
1219 3418 1225 3428 “

100 3502 212 3586 Neque
236 3502 321 3565 enirn
346 3503 426 3564 adeo
448 3511 580 3584 anguste
602 3502 786 3562 conclusum
818 3497 981 3563 aCbristo
1001 3509 1065 3582 est,
1095 3510 1133 3561 ut

101 3604 313 3667 exactissimus
332 3602 366 3664 in
385 3602 531 3665 omnibus
553 3622 622 3664 esse
636 3601 769 3664 virmtes
790 3611 949 3683 oporteat,
985 3600 1043 3661 sed
1064 3619 1135 3661 mo·

101 3702 229 3765 deratua
256 3715 304 3766 est
333 3702 401 3782 ipse
430 3705 492 3764 boc
517 3702 699 3785 negotium,
735 3712 864 3781 etpost
888 3722 1036 3782 suprema
1070 3699 1132 3778 iila,

101 3819 195 3884 atque
215 3803 367 3878 eoelestia,
396 3802 497 3866 lenius
518 3803 684 3886 quiddam,
709 3813 741 3864 et
756 3814 849 3884 captu
871 3801 995 3864 facilius
1013 3822 1134 3885 propo·

99 3904 171 3967 suit.
210 3906 289 3986 Quae
304 3903 438 3979 vobisfflsi
455 3904 496 3965 ad
509 3914 722 3966 consummata
736 3904 787 3969 illa
806 3907 887 3985 (quo
900 3915 1012 3978 tamen,
1033 3923 1133 3986 quan-

98 4014 166 4066 tum
184 4005 334 4085 potestis,
355 4004 521 4066 intendere
538 4003 673 4079 debetis)
696 4025 762 4065 non
777 4005 985 4084 perveniatis,
1007 4008 1079 4068 satis
1093 4003 1134 4067 ad

97 4124 207 4168 veram
226 4104 457 4168 beatitudinem
473 4104 535 4166 sint
553 4105 646 4167 etiam
668 4103 745 4184 ipsa.
785 4104 888 4187 igitur
911 4117 944 4168 et
966 4106 1134 4187 pecuniam
1152 4104 1157 4116 ’

95 4203 216 4267 babere
233 4205 339 4268 multis
359 4205 446 4281 iicet,
469 4215 501 4265 et
519 4225 651 4282 servos,
674 4216 707 4266 et
726 4206 963 4283 possessiones,
994 4217 1026 4269 et
1044 4207 1133 4291 beari

94 4314 202 4368 tamen
223 4308 364 4389 proclive
381 4315 448 4382 est,
480 4305 573 4369 etiam
591 4305 779 4386 Episcopis,
815 4305 1074 4380 venundabis,
1097 4316 1134 4368 ut

94 4407 190 4491 quod
208 4408 355 4483 babent,
374 4405 475 4489 parati
492 4425 619 4489 semper
639 4407 719 4485 sint,
753 4404 898 4473 dividere
918 4405 1131 4493 pauperibus3
