2618 5108
30 73 501 281 ,anW-m‘.
545 249 563 261 θ

214 707 218 714 ⁵
268 751 442 824 adversus
466 734 705 846 adsperginea
725 743 889 856 Hutteni.
1025 745 1097 834 iii

80 946 129 1007 tui
147 965 212 1007 non
233 943 411 1007 maledices.
448 940 562 1022 Magni
580 939 694 1016 refert,
713 950 820 1005 utrum
837 941 925 1005 neus
943 940 1104 1024 precipiat

80 1043 200 1123 Esajae,
223 1067 260 1105 an
280 1046 438 1106 Huttenus
460 1045 611 1105 Erasinos
640 1039 765 1103 Clamat
784 1044 841 1104 Est
860 1053 964 1115 autem
983 1045 1101 1109 elamor

82 1147 220 1229 quidam·
231 1145 363 1219 inutilis,
398 1145 454 1227 qui
489 1144 562 1205 nibil
591 1142 674 1204 aliud
694 1163 787 1223 quam
807 1145 955 1204 tumultus
975 1143 1100 1220 excitat,

82 1259 113 1310 et
144 1247 243 1308 irritat
271 1246 476 1324 tyrannidem.
516 1243 647 1325 Alioqui
674 1263 715 1303 ne
747 1263 832 1304 nuuc
863 1243 989 1326 quidem
1010 1264 1101 1313 cesso

85 1350 216 1408 clamare
244 1346 276 1406 iu
297 1345 420 1425 scriptis
441 1345 537 1418 meis,
570 1355 724 1425 quatenus
745 1364 818 1424 spes
839 1354 885 1405 est
904 1342 1101 1422 proficiendi.

83 1448 192 1510 Clamo
213 1446 304 1508 etiam
325 1446 401 1507 drtm
431 1445 534 1506 scribo
566 1447 780 1524 paraphrases.
832 1445 916 1523 Quid
944 1444 1026 1508 enirn
1054 1456 1103 1508 est

86 1548 169 1609 aliud
192 1546 356 1626 Evangelii
387 1548 459 1618 lux,
486 1565 580 1626 quam
610 1546 792 1626 redargutio
813 1558 989 1609 nostrarum
1015 1559 1103 1636 tenes

82 1648 232 1711 brarunr?
254 1648 421 1727 Expendat
443 1647 503 1707 lroc
523 1645 665 1728 quisquis
681 1646 803 1734 integer
817 1657 882 1722 est,
906 1659 1012 1709 utrum
1031 1651 1101 1727 plus

80 1750 222 1812 utilitatis
254 1750 396 1810 adl'crant
425 1746 588 1807 Hrrttenici
614 1749 786 1821 clamores,
816 1767 855 1808 an
885 1769 952 1810 mea
972 1748 1102 1813 silentia·

82 1850 145 1912 Ubi
161 1870 239 1910 vero
265 1849 354 1909 del'ui
380 1846 557 1926 reipublicae
575 1845 772 1922 Christiania,
788 1851 815 1910 si
827 1848 914 1908 licuit
928 1850 1103 1928 prodessa'l

84 1953 281 2030 Quamquam
303 1949 467 2027 Principes
487 1968 545 2008 nec
575 1968 592 2008 a
619 1946 733 2028 quovis
755 1948 918 2030 objurgari
939 1949 1104 2013 sustinent·

85 2051 163 2110 Nam
191 2049 222 2109 id
254 2048 486 2128 Episcoporrrm
525 2068 637 2109 munus
670 2059 732 2122 est;
770 2059 864 2131 atque
894 2048 926 2110 id
954 2048 1104 2113 convenit

87 2149 164 2208 clam
193 2147 263 2208 fieri
290 2146 394 2228 potius
420 2169 514 2229 quam
545 2149 628 2226 apud
656 2150 818 2229 populum.
855 2149 922 2212 Aut
941 2149 993 2211 cui
1012 2170 1103 2212 sumo

86 2252 144 2312 bos
164 2248 302 2323 labores,
334 2259 448 2329 practer
467 2246 561 2308 atatis
587 2269 623 2310 ac
643 2249 830 2312 valetudinis
850 2251 1025 2312 rationem?
1055 2246 1104 2322 „Si

84 2368 293 2428 componere,
335 2347 452 2430 inquit,
486 2348 593 2412 studes
633 2347 714 2410 inter
749 2361 853 2430 partes
888 2349 1102 2428 concordiam,

86 2472 143 2513 cur
163 2453 290 2512 alteram
308 2461 428 2529 partem
455 2449 604 2512 atrociter
624 2447 832 2530 impugnas?“
860 2450 928 2514 bno
949 2453 1009 2514 alio
1032 2454 1105 2514 loco

87 2550 167 2615 dixit
197 2550 350 2626 Matium,
386 2561 417 2611 et
442 2570 527 2611 nunc
555 2549 620 2631 agit
648 2569 698 2610 me
725 2550 798 2612 totis
829 2550 949 2614 viribus
974 2551 1052 2614 ferri
1071 2551 1105 2614 in

83 2653 209 2713 alteram
235 2663 366 2732 partem.
419 2649 483 2713 Ubi
513 2671 593 2711 vero
620 2647 785 2711 commissa
810 2660 858 2709 est
884 2651 949 2712 haec
973 2650 1105 2732 pugna?

86 2754 224 2813 Tantum
257 2751 290 2813 in
317 2750 448 2831 epistola
481 2750 520 2812 ad
552 2748 727 2811 Lauriuum
763 2749 918 2810 adversus
951 2751 1105 2832 qposdaua

84 2872 231 2914 morosos
263 2851 409 2932 nrihivjus
429 2851 574 2925 vindico,
607 2849 634 2913 si
666 2870 716 2912 res
749 2847 791 2910 ita
825 2851 977 2930 postulet,
1010 2871 1105 2933 sacras

84 2951 243 3030 scripturas
263 2951 448 3014 testimoniis
468 2972 505 3012 ac
523 2949 631 3013 solidis
651 2947 842 3024 rationibus,
862 2949 939 3011 citra
959 2950 1104 3017 convicia

87 3050 315 3129 congrediendi
335 3073 405 3113 cum
424 3052 579 3113 Lutltero.
618 3052 660 3112 Et
680 3050 822 3132 queritur
843 3048 919 3113 illud
933 3053 1114 3131 Huttenus,

68 3150 178 3232 'quod
198 3151 350 3213 conviciis
379 3163 409 3214 et
434 3151 621 3215 clamoribus
648 3152 798 3212 duntaxat
818 3163 927 3233 agatur
947 3174 1019 3215 cum
1037 3155 1106 3218 Lu·

85 3239 187 3312 theio.
227 3248 293 3312 Cur
312 3250 407 3331 igitur
421 3251 467 3314 sic
483 3251 691 3313 debacchatur
707 3251 738 3311 in
757 3272 839 3327 eum,
856 3252 911 3333 qui
927 3255 1104 3331 pollicetur,

85 3371 136 3424 se,
168 3350 194 3411 si
222 3351 374 3430 congredi
403 3350 478 3412 velit
508 3372 578 3412 cum
606 3353 769 3426 Lutbero,
812 3373 829 3412 a
858 3353 1045 3414 clamoribus
1073 3363 1105 3415 et

86 3450 237 3512 conviciis
280 3463 540 3532 temperaturum,
576 3473 612 3512 ac
642 3454 746 3514 sedata
781 3451 947 3514 collatione
970 3463 1104 3530 ‚tantum

85 3574 178 3616 sacrae
198 3552 362 3634 scriptura
382 3551 567 3614 testimoniis
588 3563 619 3613 ct
638 3552 812 3614 rationibus
834 3550 917 3613 veris
938 3551 1104 3614 actrtrum?

84 3653 167 3714 ttiait
192 3653 275 3715 enim
297 3653 381 3714 aliud
402 3649 549 3732 promisi,
582 3665 611 3711 et
633 3664 734 3713 tamen
754 3654 816 3713 hoc
836 3652 877 3712 ita
898 3653 1044 3732 promisi,
1070 3665 1105 3716 ut

90 3753 161 3814 satis
187 3755 404 3827 ostenderem,
432 3773 481 3814 me
507 3772 572 3814 non
593 3752 767 3826 facturum,
795 3752 855 3814 nisi
888 3764 1013 3815 ostensa
1048 3775 1105 3836 spa

89 3851 285 3929 proficiendi.
325 3855 403 3914 Nam
424 3853 515 3935 qaod.
538 3852 572 3913 in
589 3852 722 3914 Lutlrcri
741 3852 863 3940 scriptis
892 3854 1023 3916 offendit
1043 3874 1105 3930 me,

90 3952 255 4014 uumodica
293 3953 506 4015 maledicentia
536 3964 568 4014 et
599 3953 783 4033 arrogantiae
812 3953 953 4033 species,
988 3957 1106 4021 eaedem

90 4074 140 4117 res
162 4054 326 4113 ollendunt
346 4054 437 4113 etiam
457 4051 525 4114 illos
538 4097 553 4127 ,,
577 4055 632 4135 qui
652 4055 793 4115 Lutlrero
820 4064 892 4114 sunt
914 4053 1105 4132 juratissimi.

92 4157 158 4216 Nec
180 4154 211 4214 id
231 4152 421 4214 dissimulari
443 4150 585 4214 Coloniae
606 4156 688 4234 apud
709 4154 808 4234 ipsum
830 4154 972 4215 Saxoniar
993 4157 1105 4218 ducem

88 4265 290 4319 haidericum
301 4304 310 4331 ‚
329 4252 475 4316 audiente
505 4267 642 4339 Georqio
661 4267 848 4336 Spoletina,
874 4277 945 4319 cum
964 4257 1106 4319 nondum

90 4354 206 4419 exisset
233 4356 316 4437 apud
335 4377 395 4420 nos
419 4356 614 4440 ,Captivitaa
638 4356 862 4436 babylonica-‘⁸
901 4357 1104 4439 Responsum
