2618 5108
410 459 412 463 .
519 473 525 480 .
986 459 999 473 ,

526 488 530 500 .
919 498 925 509 Ι

138 1535 322 1615 ,ΠΙτίεΙιιιε
345 1539 393 1614 de
415 1539 576 1638 Hutten,
611 1549 758 1643 Eques,
793 1547 986 1621 Germania
1011 1549 1181 1624 omnibus
1291 1616 1294 1621 .

599 1684 766 1758 Salutem.
852 1713 858 1723 ¹

150 2050 245 2148 Eece
264 2086 360 2151 vobio
384 2089 507 2153 Leonis
526 2093 570 2155 X.
590 2091 730 2168 Buitam,
757 2093 819 2154 viri
847 2091 1014 2153 Gennanit
1044 2113 1106 2175 qua
1126 2113 1177 2156 re·

152 2198 346 2269 mergentem
371 2189 423 2252 itte
441 2189 606 2255 veritatem
632 2192 841 2258 Christianam
858 2191 1012 2254 remorari
1031 2203 1176 2270 conatur,

151 2306 244 2369 quam
264 2289 448 2370 respiranti,
481 2292 577 2373 ionga
602 2294 728 2358 tandem
746 2290 1008 2372 compressione,
1038 2292 1177 2366 libertati

149 2403 280 2465 nostrae,
308 2411 350 2453 ne
377 2390 464 2455 vireu
491 2393 640 2470 recipiat,
672 2415 709 2456 ac
738 2396 830 2477 plane
854 2392 1038 2469 reviviscat,
1065 2393 1177 2475 objicit

149 2491 182 2550 et
200 2489 346 2572 opponit.
385 2489 450 2554 cui
470 2513 530 2557 noa
551 2492 622 2556 talio
640 2493 782 2556 molienti
803 2515 870 2556 non
890 2490 1096 2557 obsistimus?
1121 2505 1176 2559 aut

148 2589 277 2671 publico
296 2591 447 2669 consitio,
467 2613 509 2655 ne
528 2593 655 2677 longius
674 2595 847 2674 pervadat,
868 2614 952 2655 nove
970 2594 1091 2677 aliquid
1114 2615 1175 2675 pro

148 2689 283 2755 hominiis
311 2691 478 2777 irrequieti
504 2693 672 2776 cupiditate
702 2707 735 2758 et
760 2695 889 2757 audacia
914 2693 1045 2768 efficiat,
1073 2695 1182 2758 mutto·

147 2805 219 2855 anto
241 2793 414 2858 caremus?
449 2795 566 2877 Quero
590 2817 649 2878 per
676 2815 736 2857 voe
763 2797 971 2858 immortalem
1001 2790 1173 2871 Christum,

148 2893 276 2976 quando
296 2906 514 2975 opportunum
538 2906 663 2977 tempus
681 2895 780 2978 magis
799 2893 882 2971 tuit,
913 2895 1042 2978 quando
1062 2893 1175 2960 melior
1240 2890 1251 2916 ⁰

146 2993 273 3057 occario
300 2993 390 3057 dedit
409 3015 446 3060 ee
474 2994 593 3079 aliquid
623 2997 785 3059 Germano
811 2992 944 3074 dignum
962 2993 1092 3056 nomine
1116 3016 1173 3077 ge·

146 3094 262 3158 rendi?
300 3094 414 3159 (hirnia
442 3093 558 3158 videtin
576 3095 788 3170 obtendere,
821 3106 857 3157 ut
875 3114 948 3176 oper
966 3094 1027 3172 sit,
1055 3111 1174 3179 quanto

144 3212 307 3278 nunquam
332 3194 442 3276 prino,
478 3196 667 3260 exstinctum
692 3194 732 3259 iri
759 3196 837 3257 hanc
865 3195 1085 3276 tyrannidem,
1119 3196 1173 3263 iati

144 3295 262 3360 morbo
285 3295 471 3361 medicinam
498 3297 687 3361 adfuturam.
732 3296 831 3378 Quod
855 3297 1117 3362 audetetandem
1136 3320 1172 3363 ac

143 3397 303 3476 perficite!
342 3398 418 3460 Non
439 3398 600 3462 Lutherus
622 3399 724 3481 agitur
743 3399 805 3460 hoc
825 3397 858 3458 in
878 3397 1031 3479 nogotio,
1051 3401 1109 3463 scd
1130 3401 1171 3464 ad
1253 3398 1257 3407 “

145 3515 255 3560 ornnes
273 3497 431 3579 pertinet,
462 3498 616 3582 quicquid
636 3511 693 3562 ert.
732 3498 801 3561 Nec
819 3497 852 3559 in
872 3518 971 3561 unum
992 3502 1174 3582 quempiam

142 3595 194 3660 hic
211 3596 378 3676 stringitur
395 3598 534 3682 gladius,
555 3600 614 3668 sed
627 3599 753 3682 publice
778 3619 1009 3681 oppugnamur.
1049 3601 1170 3664 Nolunt

140 3699 304 3761 reclamari
336 3719 399 3760 ruae
428 3699 607 3779 tyrannidi,
637 3723 712 3766 ruar
741 3699 871 3763 frauder
900 3700 1006 3784 detegi
1035 3702 1169 3778 nolunt,

141 3820 284 3883 mosque
298 3799 412 3880 aperiri
430 3797 542 3877 iocor,
563 3822 623 3867 ruo
640 3799 744 3864 femori
758 3800 885 3878 amisti,
906 3823 970 3865 snae
984 3813 1169 3885 grassatura

140 3899 401 3981 impedimentum
420 3901 502 3966 fieri.
538 3902 612 3966 Hoc
630 3902 735 3984 ipsum
753 3911 823 3977 est,
845 3902 935 3985 quod
953 3901 1166 3984 indignantur,

141 4001 299 4085 quodque
324 4002 464 4066 tremunt
494 4023 597 4089 nsque
627 4003 732 4080 adeo,
762 4013 798 4065 ut
827 4024 860 4064 se
889 4001 1017 4066 minime
1049 4004 1168 4065 decore

139 4114 234 4183 agant
255 4101 309 4169 ibi.
347 4105 445 4184 Quod
463 4105 629 4170 manifeste
655 4102 798 4168 videntes
826 4123 908 4179 vor,
943 4103 1022 4188 qnid
1043 4104 1168 4167 tandem

139 4202 265 4285 ageris?
284 4206 374 4287 quod
393 4203 560 4270 consilium
579 4204 723 4271 inibitir?
748 4207 806 4270 Me
826 4204 955 4289 quidem
975 4205 1002 4266 si
1021 4205 1166 4281 audietis,

138 4303 318 4368 Germanou
345 4326 416 4370 erse
441 4328 501 4371 voe
524 4305 738 4387 memineritis.
777 4307 856 4387 Quae
876 4326 941 4369 una
961 4300 1168 4368 commonitio

135 4404 214 4467 ratir
241 4425 313 4469 cere
337 4405 456 4486 debet,
482 4419 519 4474 ut
543 4409 608 4471 tuac
633 4404 809 4473 vindicetis.
846 4408 921 4490 Ego
948 4428 1034 4468 nunc
1059 4412 1166 4468 vestro
