2618 5108
308 778 484 854 adversus
509 715 748 875 adspergines
771 775 936 850 Hutteni.
966 770 971 779 ’
1056 773 1128 857 dtl

114 973 200 1050 deri,
236 972 291 1037 cui
317 991 370 1036 res
395 979 502 1034 essent
526 967 743 1035 secundiores.
781 970 856 1033 Non
885 977 935 1031 est
959 968 1130 1050 plausibilis

115 1097 188 1139 cum
206 1073 307 1137 amico
333 1071 539 1154 digladiati03
570 1080 603 1131 et
629 1070 758 1131 crudele
784 1080 832 1132 est
857 1070 890 1132 in
918 1071 1131 1137 calamitosum

114 1195 185 1240 esse
203 1175 353 1237 dicacem.
402 1172 570 1253 Superest,
602 1179 638 1230 nt
665 1171 814 1233 nrlhorter
840 1190 950 1233 omnes
975 1170 1132 1239 bonarum

114 1277 274 1341 literarum
292 1273 470 1348 studiosos,
503 1282 538 1335 ut
557 1271 585 1334 si
603 1268 786 1333 detestabile
806 1268 933 1331 videtur
952 1276 1133 1354 exemplum

114 1378 266 1451 llutteni,
288 1375 327 1437 ab
346 1370 528 1453 hujusmodi
546 1369 738 1453 intemperiis
755 1369 951 1446 abstineant,
972 1394 1013 1435 ne
1031 1373 1132 1439 bonu

114 1477 219 1539 literas
255 1476 387 1537 reddant
425 1471 608 1536 invidiosas.
671 1474 879 1554 Appellantur
916 1474 1131 1539 humanitatiss

114 1578 306 1651 cavendum,
333 1595 374 1639 ne
393 1585 504 1637 nostro
523 1572 602 1633 vitio
621 1572 757 1636 nominis
779 1573 907 1637 honesti
930 1575 1132 1655 possessione
1226 1606 1229 1616 ·

114 1676 312 1758 dejiciantur.
352 1677 437 1739 Tum
455 1677 582 1739 demum
607 1684 699 1737 e'runt
719 1675 862 1758 idquod
887 1676 1050 1753 dicuntur,
1071 1680 1133 1742 boc

113 1789 180 1852 est,
206 1778 296 1839 bonae
321 1776 440 1855 literne,
470 1775 499 1839 si
516 1796 576 1838 nos
597 1775 730 1837 reddant
747 1775 914 1851 meliores,
941 1777 968 1840 si
994 1776 1135 1841 serviunt

114 1877 223 1959 gloriae
244 1876 373 1941 Christi.
424 1878 538 1959 Neque
566 1875 650 1938 enim
680 1875 712 1937 in
740 1877 801 1939 boc
821 1886 975 1939 revocntac
1006 1888 1081 1940 sunt
1098 1877 1134 1941 itt

115 1980 254 2052 scholas,
284 1991 320 2041 ut
348 1977 492 2057 pristinas
531 1977 707 2058 disciplinas
739 1974 884 2056 ejiciant,
919 1977 977 2040 scd
1004 1977 1050 2038 ud
1074 1977 1134 2039 itt.

114 2076 226 2162 purius
255 2088 286 2140 et
316 2075 512 2139 commodius
540 2078 713 2195 tradantuss.
757 2077 852 2138 Nunc
875 2074 960 2139 idem
987 2076 1064 2140 fere·
1082 2087 1135 2141 tu·

114 2181 229 2245 multus
250 2188 297 2240 est
312 2177 346 2240 in
361 2176 496 2254 scholis,
514 2176 569 2261 qui
581 2188 628 2240 est
644 2176 678 2239 in
689 2174 843 2240 ecclesiis·
879 2177 960 2241 Nam
977 2177 1135 2263 plerique,

115 2280 172 2366 qui
203 2278 318 2361 linguis
348 2298 386 2341 ee
409 2277 503 2343 bonis
532 2278 631 2340 literis
659 2276 802 2358 impense
832 2277 961 2353 levent,
996 2277 1134 2353 exclusis

115 2380 262 2445 omnihus
278 2378 389 2442 studiis
402 2380 456 2443 has
473 2379 555 2442 solus
568 2377 731 2443 iuvenum
768 2379 912 2454 Rursus,
932 2377 989 2462 qui
1004 2379 1136 2460 pristina

113 2481 221 2544 studia
239 2480 399 2544 mordicus
418 2479 576 2557 retinent,
594 2479 723 2543 summis
740 2476 862 2543 viribus
880 2481 942 2543 hoc
962 2491 1077 2561 agunt,
1097 2490 1135 2544 ut

114 2581 280 2664 politiores
298 2581 403 2642 literas
430 2601 572 2662 prorsus¹
589 2578 724 2643 obruunt
754 2590 787 2643 et
811 2579 1008 2661 extinguant.
1046 2579 1161 2659 Quin·

112 2682 220 2761 potius
238 2681 272 2742 in
286 2682 349 2743 hoc
368 2679 593 2755 incumbimus,
613 2690 648 2741 ut
663 2701 736 2744 suas
751 2680 873 2763 quique
888 2679 979 2742 dotes
996 2677 1134 2742 invicem

111 2782 312 2847 conterentes
344 2780 460 2843 mutuis
487 2779 596 2844 officiis
616 2779 821 2861 adjuvemur,
856 2799 950 2863 wem
968 2789 1004 2841 ut
1030 2778 1132 2841 stultis

113 2880 369 2944 contentionibus
388 2879 477 2944 alteri
495 2879 600 2945 alteris
619 2879 910 2945 incommodemus?
942 2878 1006 2959 Qui
1026 2881 1134 2943 valent
1145 2869 1171 2936 s.

112 2980 148 3045 in
166 2981 259 3044 bonis
281 2982 396 3057 literis,
423 2981 500 3044 dent
520 3002 668 3062 operam,
699 2992 735 3046 ut
753 3002 808 3044 eas
827 2980 954 3061 probis,
988 2976 1086 3043 castis
1099 2990 1133 3044 el

111 3081 287 3146 commodis
298 3080 440 3145 moribus
455 3083 690 3159 commendent,
710 3093 743 3144 et
756 3081 938 3146 accessione
948 3080 1136 3165 graviorum

112 3181 346 3263 disciplinarum
366 3184 590 3247 cohonestents
619 3182 735 3267 quibus
750 3203 821 3246 non
837 3182 1056 3265 contigerunt,
1076 3183 1133 3247 ad·

112 3283 187 3349 dant
206 3292 238 3345 et
255 3284 317 3345 hoc
331 3281 458 3346 decoris
472 3283 584 3347 studiis
596 3282 673 3348 suis.
709 3283 826 3347 Mutus
837 3281 1009 3345 concordie
1024 3283 1131 3360 lnciet,
1159 3358 1164 3368 .

114 3403 157 3446 ne
177 3381 256 3465 quid
275 3381 328 3444 cni
348 3381 450 3458 desit3
480 3383 610 3448 dissidio
631 3387 680 3458 fit,
712 3394 750 3447 ut
766 3402 826 3446 nec
850 3382 897 3446 bis
916 3382 1027 3457 bonis,
1059 3404 1130 3465 quse

110 3484 243 3559 adsunt,
267 3484 421 3547 fruamur.
459 3482 720 3566 Quinuniversia
739 3495 772 3547 et
789 3481 931 3547 maximis
946 3494 978 3544 et
993 3482 1129 3546 minimis

109 3586 174 3651 buc
192 3584 371 3647 conandum
389 3595 459 3662 cst,
488 3595 524 3649 ut
547 3584 629 3650 inter
647 3584 843 3650 Christianos
863 3604 926 3666 per
944 3594 977 3646 et
996 3604 1131 3646 concor·

109 3686 163 3749 die
182 3686 346 3749 sarciatur.
384 3686 479 3748 Nunc
496 3706 603 3768 neque
618 3685 728 3749 mnndi
739 3684 834 3765 hujus
846 3704 956 3763 pacem
967 3684 1129 3760 habemus,

112 3805 184 3847 cum
203 3787 346 3868 undique
363 3785 493 3850 furiosis
503 3785 593 3850 bellis
605 3785 750 3851 ferveant
763 3784 883 3861 omnia,
902 3805 1008 3866 neque
1019 3804 1129 3866 pacem

111 3883 174 3949 Dei
185 3929 195 3959 ,
206 3906 286 3948 cum
306 3897 389 3949 tanta
405 3887 445 3949 sit
456 3886 644 3969 opinionum
657 3885 830 3961 dissensio,
848 3905 909 3948 nec
920 3888 981 3948 ulle
994 3906 1129 3969 usquam

112 3984 235 4049 sincere
253 3984 403 4061 amicitis,
435 3998 489 4049 nut
507 3988 645 4051 fraterne
663 3986 793 4064 caritas,
821 3986 879 4050 sed
909 3984 1044 4066 pessimo
1063 3985 1129 4048 ser·

111 4095 219 4150 mento
240 4083 346 4145 vium
367 4084 481 4150 omnin.
529 4087 562 4150 Si
584 4087 635 4151 cui
655 4090 758 4170 placet
776 4089 837 4151 boc
855 4088 1012 4160 seculum,
1042 4085 1128 4150 frua·

111 4196 182 4260 tur;
202 4183 277 4248 mihi
303 4185 429 4249 videtur
454 4185 712 4251 infelicissimum.
761 4188 827 4268 Qui
859 4185 990 4269 negotio
1019 4184 1129 4248 lavent

112 4286 325 4369 Evangelico,
346 4289 475 4351 faveant
493 4288 674 4369 simpliciter
698 4310 734 4351 nc
752 4277 943 4369 prudenter:
971 4304 1012 4347 nc
1030 4285 1128 4347 fidunt

111 4388 305 4455 clanculariis
339 4389 643 4473 conspirationibus,
674 4410 715 4452 ne
744 4386 902 4453 maledicis
938 4385 1065 4463 libellis,
1093 4386 1127 4448 in
