2618 5108
196 816 270 891 386
367 814 443 887 Ulr.
471 815 517 886 ab
543 814 684 890 Hutten
710 838 795 886 cum
818 815 974 889 Erasmo
1000 816 1085 889 Rot.

198 1006 254 1089 qui
275 1017 338 1068 tarn
356 1008 463 1084 varie,
482 1019 610 1090 tamque
628 1008 787 1081 mobiliter
805 1019 836 1069 et
849 1008 970 1071 lubrice
985 1008 1089 1070 omnia
1102 1008 1224 1070 diceret

196 1127 233 1170 ac
253 1107 400 1171 laceret?
430 1111 488 1171 Est
508 1108 701 1171 verecundia
720 1109 777 1171 tibi
796 1111 857 1172 hoc
877 1109 991 1185 aetatis,
1011 1110 1096 1171 aliud
1115 1108 1223 1171 verbis

197 1209 406 1289 promittere,
433 1210 518 1271 aliud
542 1209 638 1272 rebus
659 1209 838 1272 exhibere?
868 1212 990 1273 Eadem
1021 1223 1119 1292 opera
1150 1231 1225 1273 eum

197 1309 321 1374 comico
343 1311 491 1372 Gnatone
511 1311 582 1374 dic:
616 1311 784 1374 Postremo
805 1312 957 1391 imperavi
989 1323 1117 1396 egomet
1136 1310 1222 1385 mihi,

198 1410 304 1474 omnia
330 1411 492 1474 assentari.
541 1412 620 1493 Quis
649 1423 759 1494 posset
780 1433 859 1474 vero
881 1425 943 1474 tam
969 1434 1039 1475 esse
1068 1414 1232 1494 eloquen·
1289 1468 1292 1471 .

139 1550 141 1553 ·
196 1512 240 1577 tia
259 1513 451 1591 instructus,
471 1526 511 1578 ut
525 1514 564 1575 ad
587 1525 640 1575 tua
659 1515 874 1592 respondens,
905 1525 1050 1575 tenorem
1069 1524 1224 1586 servaret,

198 1627 231 1680 et
251 1615 364 1678 ordine
384 1618 625 1698 ingrederetur,
643 1637 718 1684 ¹cum
731 1615 847 1677 sistam
867 1615 973 1676 varius
987 1636 1022 1674 ac
1037 1613 1225 1694 multiplex?

195 1717 280 1782 Mihi
297 1718 425 1802 quidcm
443 1718 489 1781 sic
509 1717 668 1793 occurris,
689 1729 723 1779 ut
743 1719 834 1796 plane
849 1717 1004 1796 ignorem,
1019 1737 1085 1797 quo
1098 1727 1226 1792 teneam

195 1822 301 1883 vultus
321 1831 496 1883 mutantem
514 1818 752 1882 Protea'nodo.
798 1818 861 1877 Sed
880 1816 997 1877 frustra
1016 1819 1146 1896 posthac
1167 1817 1226 1878 im·

196 1921 331 1986 mutabis
353 1921 509 1985 tenebis.
549 1923 719 2004 Nunquam
733 1917 882 1997 deinceps
898 1917 993 1979 falles.
1033 1920 1096 1979 ttic
1117 1930 1224 1980 autem

196 2024 269 2107 quis
295 2033 358 2086 tam
387 2043 503 2085 excors
532 2033 599 2096 est,
628 2032 663 2083 ut
694 2041 761 2082 non
789 2017 958 2100 intelligat,
987 2020 1038 2081 cui
1060 2031 1093 2079 tu
1117 2019 1224 2081 fraudi

197 2145 294 2210 quam
321 2123 527 2206 simplicitatis
553 2120 692 2203 speciem
724 2120 895 2202 imponas?
928 2122 1001 2181 Non
1022 2121 1069 2181 vis
1090 2141 1225 2200 oppres·

195 2246 249 2289 sos
270 2246 341 2287 nos.
378 2225 422 2287 At
442 2221 504 2304 jam
527 2224 611 2285 hunc
638 2221 759 2303 coepisti
780 2235 926 2284 conatum
946 2232 1034 2294 ante,
1061 2220 1224 2283 infestam·

196 2347 260 2409 que
273 2324 374 2405 jecisti
387 2328 504 2401 aleam,
525 2324 646 2402 magnis
661 2323 752 2386 editis
765 2322 871 2396 minis,
892 2344 1073 2404 magnoque
1084 2323 1222 2400 proflatu

194 2435 330 2488 terrore.
379 2425 484 2487 Offers
511 2425 688 2486 consilinm.
734 2426 806 2486 Hoc
832 2445 910 2485 vcro
936 2423 1006 2506 quis
1027 2421 1158 2502 accipiat
1182 2422 1224 2482 ab

177 2515 254 2600 eo,
285 2525 343 2608 qui
371 2523 446 2607 jam¹
462 2525 644 2588 adversario
673 2525 833 2605 promisit,
860 2524 982 2607 quique
1005 2526 1096 2605 plane
1123 2524 1223 2586 hostis

195 2625 266 2688 est?
294 2628 362 2688 Nos
382 2638 413 2689 te
433 2628 650 2701 consulemus,
682 2627 770 2708 quod
790 2628 872 2688 benc
894 2625 985 2687 nobis
1007 2635 1127 2698 vertat,
1149 2646 1224 2686 cum

194 2729 309 2790 eodem
324 2739 467 2809 tempore
486 2749 552 2810 quo
572 2726 736 2788 consilium
754 2725 927 2805 promittis,
949 2727 1038 2809 quasi
1058 2726 1090 2786 in
1110 2747 1225 2807 magna

192 2830 358 2893 hominum
377 2828 424 2891 tui
443 2829 666 2909 expectatione
686 2829 873 2907 proclames:
901 2849 966 2889 nou
986 2827 1170 2889 defuturum
1192 2838 1222 2887 te

193 2931 263 2993 sedi
289 2927 504 3011 Apostolicae?
532 2931 600 2992 Aut
619 2928 645 2989 si
676 2949 786 3009 pacem
810 2927 892 2990 inter
917 2940 1071 3009 utrosque
1092 2949 1223 3008 compo·

194 3051 276 3093 nere.
293 3031 360 3104 vis,
394 3031 472 3113 quid
499 3051 638 3111 pugnam
662 3028 766 3090 alteris
786 3029 940 3091 hostiliter
958 3029 1038 3090 adeo
1060 3040 1091 3088 et
1112 3029 1228 3090 turbu·⁴

194 3130 278 3190 lente
297 3128 429 3191 infers?¹
453 3130 556 3209 Quam
581 3128 672 3191 lacile
700 3149 778 3190 vero
810 3141 937 3209 poteras
967 3132 1176 3211 supersedere
1204 3152 1223 3193 a

193 3239 262 3292 tota
281 3250 336 3304 re,
369 3249 406 3290 ac
431 3228 463 3291 in
484 3241 650 3310 utramque
673 3251 781 3292 aurem
800 3229 1044 3312 conquiescere,
1072 3243 1221 3292 excusata

194 3335 247 3395 vel
267 3343 365 3406 aetate,
386 3333 437 3393 vel
452 3328 504 3393 illa
515 3331 598 3392 circa
613 3352 664 3392 res
678 3331 804 3410 publico
818 3331 995 3394 utilissimas
1011 3331 1220 3411 occupatione

194 3446 248 3498 tua
260 3436 275 3494 't'
303 3435 426 3507 Porro,
455 3431 482 3494 si
511 3431 602 3494 cordi
621 3444 678 3494 est
698 3432 770 3503 tibi,
803 3435 892 3513 quod
918 3431 1013 3507 dicis,
1042 3434 1221 3514 aequitatem

193 3545 357 3616 praestare,
376 3553 443 3594 non
462 3532 658 3613 respondent
678 3555 746 3615 quae
766 3534 932 3594 adversum
952 3554 1010 3593 nos
1025 3535 1220 3615 aggrederis.

196 3636 276 3699 Sunt
295 3633 380 3697 enim
406 3636 504 3715 longe
530 3632 724 3716 iniquissima
752 3635 903 3716 quaedam.
953 3637 994 3694 Et
1013 3636 1038 3696 si
1059 3634 1118 3696 luit
1139 3656 1221 3697 sent·

193 3757 254 3818 per
272 3736 358 3815 pacis
378 3735 517 3797 studium
538 3733 612 3810 tibi,
645 3736 702 3818 qui
724 3736 794 3798 fieri
815 3737 935 3815 potuit,
956 3748 992 3797 ut
1013 3757 1084 3798 eum
1103 3738 1220 3798 laedere

193 3834 353 3901 nemiuem
378 3835 534 3909 volueris,
579 3857 639 3898 nos
667 3836 864 3914 potissimum
902 3835 1025 3916 injuriae
1056 3836 1222 3901 videamur

195 3934 370 4017 opportuni
389 3935 474 3997 tuae?
503 3934 583 4017 Quis
603 3947 634 3999 te
654 3936 686 3997 in
705 3937 797 3999 nobis
819 3950 940 4000 mutare
960 3938 1095 4019 primum
1115 3961 1222 4002 mores

195 4048 228 4098 et
247 4035 317 4098 vitae
345 4035 520 4107 institutum
546 4037 677 4118 coegit?
708 4041 758 4099 vel
781 4040 858 4121 quid
889 4052 1073 4113 causaest,
1103 4061 1161 4101 cur
1187 4052 1222 4103 tu

196 4137 270 4202 alibi
288 4137 539 4206 moderationem
560 4148 667 4203 tenere
688 4137 817 4213 solitus,
857 4152 918 4200 tam
949 4139 1168 4201 inclementem
1189 4142 1221 4203 in

195 4261 255 4303 nos
274 4238 426 4319 impetum
445 4236 524 4299 des?
544 4239 617 4330 Nos¹
633 4239 790 4318 ejusmodi
812 4263 931 4316 sumus,
952 4252 985 4303 ut
1006 4239 1098 4322 primi
1115 4253 1146 4302 et
1159 4242 1221 4305 soli

195 4342 368 4427 ingenitam
400 4342 533 4402 Erasmo
563 4340 722 4404 lenitatem
755 4342 945 4404 efferemus?
981 4344 1106 4405 Verum
1131 4343 1222 4406 aliter

194 4445 313 4511 habere
332 4443 427 4518 hec„
443 4438 551 4507 audivi
569 4461 610 4512 ex
630 4442 736 4531 amicis
759 4443 914 4526 quosdam
932 4444 995 4508 tuis
1014 4444 1137 4522 dicere,
1164 4444 1225 4530 qui
