2618 5108
204 893 251 964 62
332 974 334 978 Ι
497 880 552 954 td
576 881 771 955 Erasmum
798 879 963 978 epistola.

204 1086 328 1159 tempus
361 1073 470 1139 atlesse
506 1073 650 1150 videtur,
682 1088 749 1157 qu'o
774 1076 840 1136 haec
867 1074 1031 1137 aboleatur
1063 1075 1232 1154 Tyrannis.

204 1178 303 1260 Quod
330 1176 388 1240 etsi
417 1200 434 1238 a
467 1197 515 1238 me
535 1175 606 1238 fieri
626 1195 691 1236 non
712 1175 827 1255 possit,
859 1187 962 1237 tamen
990 1175 1077 1236 initia
1105 1196 1232 1238 sumere

203 1279 337 1362 poterit;
353 1278 409 1341 ubi
424 1277 480 1360 qui
496 1287 568 1340 sunt
583 1274 650 1351 isti,
666 1275 722 1359 qui
737 1276 777 1337 ad
791 1276 931 1360 quietem
942 1278 1123 1352 hortantur,
1139 1278 1231 1360 quasi

202 1401 283 1443 vero
304 1378 380 1442 lorti
399 1378 486 1451 viro,
510 1376 610 1461 qualis
631 1396 700 1440 esse
713 1377 845 1453 laboro,
867 1378 1033 1461 quiescere
1049 1379 1105 1454 sit,
1127 1378 1233 1461 despi-

203 1481 334 1544 cabilem
353 1478 475 1542 servire
495 1476 698 1553 servitutem,
722 1480 783 1540 hoc
796 1482 966 1559 praesertim
977 1489 1139 1559 tempore,
1162 1499 1230 1562 quo

202 1583 242 1645 ad
262 1583 419 1645 summum
445 1576 630 1640 conscendit
661 1579 726 1642 haec
756 1579 943 1664 indignitas,
980 1602 1045 1664 quo
1076 1581 1125 1643 isti
1154 1580 1232 1643 nihil

200 1702 267 1745 non
285 1681 382 1744 licere
401 1679 461 1742 sibi
480 1681 613 1755 volunt,
634 1698 701 1762 quo
720 1701 808 1742 sacra
827 1682 1027 1767 profanaque
1048 1681 1152 1744 omnia
1171 1682 1231 1744 im·

198 1784 270 1867 pie,
290 1793 325 1845 ut
346 1800 510 1864 nunquam
528 1780 632 1861 prius,
652 1779 841 1858 miscentur,
863 1805 928 1866 quo
945 1784 1071 1847 mentiri
1092 1793 1123 1845 et
1141 1774 1230 1845 irau-

199 1885 276 1948 dare
295 1883 420 1966 regium
440 1893 539 1946 estet
558 1882 782 1958 pontificium,
804 1883 944 1965 diripere
964 1896 995 1944 et
1015 1884 1113 1947 lurari
1134 1883 1229 1949 etiam

199 2004 334 2050 ssorum.
386 1982 472 2046 Hiue
497 1993 533 2046 tu
564 1983 657 2046 laude
685 1996 814 2047 conatus
842 2008 876 2048 es
896 2006 1049 2047 revocare
1069 1988 1145 2060 h0s;
1171 1987 1228 2048 be'-

199 2085 298 2171 nigue
319 2082 352 2148 id
372 2084 521 2169 quidem,
552 2086 610 2148 sed
637 2085 783 2147 vincente
804 2087 945 2166 ipsorum
973 2087 1129 2148 dementia
1152 2086 1228 2148 nihil

200 2187 378 2251 eblanditus
398 2205 444 2248 es.
480 2185 552 2249 Jam
570 2206 636 2248 uon
654 2199 702 2250 est
722 2185 820 2268 igitur
838 2199 979 2267 tempus,
1004 2199 1041 2248 ut
1060 2188 1228 2268 desperata

200 2290 347 2361 sanitate,
367 2284 461 2367 cujus
480 2284 514 2346 iu
534 2297 654 2351 tantum
673 2308 805 2369 capaces
826 2287 877 2349 isti
896 2306 963 2348 non
983 2299 1073 2361 suut,
1098 2286 1227 2368 abjicia-

197 2410 268 2452 mus
287 2386 415 2471 putrida
434 2387 613 2450 cadavera?
647 2409 818 2450 extu-amus
850 2398 880 2449 et
900 2388 1105 2450 aboleamus?
1136 2389 1227 2471 quod

196 2488 224 2552 si
243 2489 276 2550 vi
296 2499 328 2552 et
338 2487 432 2552 armis
452 2509 605 2551 conemur
622 2490 767 2568 efficere,
788 2501 822 2550 ut
834 2489 881 2550 his
899 2488 1107 2550 ohraeviamus
1122 2488 1224 2563 trariis,

159 2605 172 2645 t
197 2591 316 2665 eritne,
351 2589 407 2673 qui
439 2589 626 2653 lortitudiue
656 2601 770 2653 nostrae
800 2589 981 2651 temeritatis
1016 2589 1226 2670 appellatione

197 2692 398 2757 obructabit?
424 2692 538 2755 luerit:
571 2702 602 2753 at
622 2713 682 2754 uos
702 2694 781 2768 hauc
808 2690 941 2770 gloriam
964 2691 1223 2767 existimabimus,

194 2798 303 2878 neque
333 2813 507 2876 sequemur
531 2806 635 2856 tamen
668 2793 817 2875 gloriam,
850 2792 908 2855 sed
931 2791 1083 2853 libertatis
1103 2792 1222 2867 studio,

194 2894 342 2977 perieulis
363 2898 447 2957 ultro
468 2915 527 2956 nos
548 2893 746 2975 objiciemus.
785 2895 900 2976 Neque
918 2892 1003 2954 euim
1023 2891 1144 2954 servire
1165 2915 1224 2974 po·

193 2996 341 3071 terimus,
373 2994 490 3077 quibus
519 2994 613 3057 etiam
637 2996 811 3058 servientes
842 2995 875 3056 iu
908 2992 1077 3057 Germania
1111 2994 1224 3056 videre

193 3097 270 3160 alios
284 3104 384 3180 grave
401 3107 459 3158 est.
496 3098 538 3157 Et
556 3095 693 3159 fortasse
714 3094 819 3168 invitis
842 3094 1021 3158 hominibus
1044 3116 1107 3155 sue
1129 3094 1224 3161 libere

191 3197 262 3260 tatis
282 3208 411 3260 autores
431 3198 559 3259 erimus.
599 3201 677 3278 Quae
696 3197 817 3260 idcireo
836 3196 979 3276 pluribus
994 3197 1033 3257 ad
1048 3207 1078 3256 te
1097 3195 1221 3276 scripsi,

192 3309 227 3360 ut
249 3296 306 3361 ubi
327 3318 397 3380 quae
416 3299 465 3360 hic
484 3310 635 3378 parentur
654 3298 750 3360 scires
761 3344 771 3375 ,
800 3318 997 3379 cognoscere
1023 3297 1080 3359 tibi
1100 3297 1221 3395 liceret,

192 3421 288 3483 cpiam
308 3398 436 3460 horreis
457 3399 643 3475 tutusillic,
672 3399 728 3460 ubi
758 3399 894 3460 maxime
915 3399 1079 3460 obsistitur
1102 3420 1221 3461 remer-

192 3500 280 3583 geuti
307 3501 434 3561 taudem
463 3497 614 3574 libertati,
658 3510 690 3561 et
719 3499 915 3562 tenacissime
947 3501 1042 3562 haeret
1071 3503 1219 3565 servitus.

193 3605 301 3684 Quare
326 3599 493 3664 coruilium
520 3611 568 3663 est
588 3620 710 3675 meum,
742 3621 782 3661 ue
811 3601 887 3661 tanti
913 3600 1008 3663 saeias
1042 3601 1118 3663 illud
1150 3602 1220 3664 istie

191 3704 345 3779 otiolum,
370 3700 457 3763 utin
479 3722 601 3763 stimmo
621 3703 763 3781 pericu'o
783 3702 1013 3784 conquiescere
1035 3703 1239 3789 inanimum

190 3804 332 3867 inducas.
372 3803 509 3864 Multum
530 3813 562 3862 te
582 3802 920 3884 cupiuutssasilienses
941 3803 1007 3880 tui,
1039 3827 1108 3887 que
1130 3824 1218 3867 nrora

189 3914 255 3981 est,
283 3902 361 3987 quin
377 3924 418 3965 eo
432 3903 588 3965 concedas
603 3906 850 3986 quamprimum,
872 3905 1044 3984 prasertim
1062 3926 1219 3987 nusquam

188 4005 354 4069 liberiores
375 4025 447 4066 cum
464 4007 524 4066 sint
538 4005 702 4080 homines,
725 4017 835 4085 suapte
848 4007 967 4091 alioqui
985 4019 1110 4081 natura,
1132 4027 1219 4067 nuuc

188 4108 322 4169 Lutheri
342 4106 435 4170 etiam
448 4107 572 4189 scriptis
586 4120 617 4169 et
630 4128 702 4170 meo
716 4108 856 4190 qtsrodam
871 4112 1017 4190 poemate
1030 4106 1218 4169 Germanice

188 4209 324 4289 scripte,
353 4209 432 4272 mire
452 4208 643 4275 inflammati.
694 4211 731 4274 lu
751 4229 870 4270 summa
890 4208 1001 4272 isthinc
1024 4221 1054 4269 te
1075 4210 1164 4287 eripe
1185 4219 1218 4271 et

187 4311 387 4375 manifestum
420 4312 590 4375 discrimen
617 4312 792 4393 prudenter
818 4312 950 4376 declina.
998 4312 1071 4371 Hoc
1100 4322 1132 4370 te
1152 4331 1216 4393 ego

187 4417 318 4490 hortor,
351 4434 468 4497 quem,
497 4426 532 4478 ut
550 4414 585 4475 id
615 4413 745 4489 faciam,
773 4435 846 4477 cum
864 4413 925 4493 ipsi
945 4413 1137 4495 persuadere
1158 4411 1214 4473 tibi

187 4540 253 4584 nou
273 4525 420 4601 possent,
452 4532 635 4583 communes
656 4515 747 4580 amici
766 4518 819 4597 pie
840 4516 1009 4581 admodum
1029 4524 1213 4578 exorarunt.
1245 4502 1249 4506 ’
