2618 5108
141 836 218 921 ui
431 831 638 913 Proedours
686 833 877 934 Dialogus.

139 1031 251 1099 annet
299 1030 497 1111 Quamquam
515 1028 620 1090 minns
638 1025 714 1089 nihil
732 1028 866 1102 studeo,
898 1047 992 1110 quum
1013 1026 1099 1091 vitiis
1117 1048 1174 1109 pn»

146 1130 317 1206 troeintri,
347 1144 380 1192 et
399 1129 500 1212 siquis
518 1126 702 1208 hujusmodi
720 1127 779 1203 sit,
813 1141 849 1191 ut
868 1127 901 1191 in
919 1131 1039 1195 denitur
1056 1151 1173 1212 mitur,

75 1210 81 1220 ’
139 1232 325 1301 deformem
343 1231 458 1306 vitum,
489 1240 523 1290 et
543 1232 641 1295 malos
660 1227 780 1307 jotticat
799 1250 927 1306 mores,
953 1242 1173 1297 accusatorem

139 1355 198 1401 ¹me
215 1333 259 1397 rlli
280 1334 445 1414 profiteor.
485 1331 624 1394 Tantum
643 1330 747 1404 abest,
767 1342 804 1393 nt
821 1330 974 1394 tielensor
986 1353 1057 1394 esse
1068 1335 1174 1398 velim.

140 1436 255 1518 Itaque
265 1432 365 1497 nescit
379 1442 531 1515 qnantum
548 1431 655 1495 orieris
666 1432 837 1507 sustineat,
858 1431 916 1514 qui
931 1431 1069 1512 rnajores
1085 1456 1175 1512 suos,

144 1536 242 1601 rehtu
280 1537 430 1619 praeclare
457 1534 557 1615 gestis
583 1533 736 1608 illustres,
765 1532 875 1613 jactat,
907 1534 969 1596 nisi
994 1535 1061 1597 tulis
1088 1537 1175 1601 euim

145 1648 194 1700 est
221 1637 307 1719 ipse,
334 1647 370 1703 nt
406 1635 445 1698 ab
485 1634 545 1698 illis
575 1657 641 1698 non
667 1642 799 1697 tritrlturn
833 1636 930 1711 absit,
962 1635 1040 1698 nihil
1079 1658 1173 1718 quam

140 1740 387 1805 instrumentum
417 1736 484 1799 aliis
504 1738 695 1817 percellendi
715 1758 750 1798 se
770 1736 941 1812 ministrat,
985 1758 1021 1799 sc
1047 1737 1174 1820 rituque·

143 1840 236 1905 randi
256 1850 474 1921 argumentum
493 1838 647 1920 suggerit.
685 1838 782 1919 (laod
802 1837 829 1901 si
848 1837 1022 1903 rectissime
1046 1840 1175 1907 viveres

144 1952 197 2005 tur
229 1941 420 2023 utrobique,
451 1961 518 2002 uon
545 1959 656 2022 posses
681 1939 829 2019 prolecto
858 1938 993 2020 negare,
1024 1961 1068 2002 ex
1102 1942 1172 2005 vitre

139 2040 291 2107 instituto
324 2041 469 2105 meliores
493 2060 564 2103 esso
592 2061 670 2111 nos,
701 2039 789 2122 qtttut
815 2041 886 2120 plns
905 2040 1102 2115 laboramus,
1136 2064 1173 2107 as

142 2141 349 2207 innocentius
367 2142 498 2216 aluntur,
525 2153 557 2203 ot
576 2139 703 2202 desidie
722 2139 824 2203 tutinus
843 2145 1098 2220 corrinnpentlos
1112 2166 1173 2209 nos

142 2244 264 2309 (lamus.
313 2245 394 2307 Num
428 2245 527 2303 otium
555 2253 699 2303 nostruin
729 2240 857 2303 versatio
887 2255 951 2315 est,
980 2267 1049 2326 qum
1079 2247 1175 2311 isabel

142 2343 229 2422 ipsu,
255 2343 381 2407 ratores
411 2340 527 2405 eximie
553 2345 694 2405 muttum.
749 2345 884 2424 Insuper
910 2368 978 2409 reru
1012 2348 1175 2415 militarem

143 2454 330 2520 tractamus,
362 2465 425 2527 qua
456 2444 707 2526 magnificentius
738 2445 814 2506 nihil
840 2457 908 2521 est,
956 2449 1100 2531 nihilque
1128 2451 1173 2519 ,d

144 2545 391 2607 conservandam
407 2544 548 2608 oninium
565 2545 646 2607 inter
661 2566 695 2606 sc
713 2557 744 2604 et
758 2567 841 2621 runi,
862 2557 894 2609 et
908 2547 1092 2630 dignitatern
1113 2550 1175 2614 uti·

142 2644 221 2721 tius,
246 2656 300 2709 aut
319 2644 531 2708 necessarium
552 2645 662 2728 magis.
700 2644 842 2707 Pertinet
862 2648 945 2710 cuim
966 2653 1004 2711 atl
1026 2653 1176 2716 tuendam

138 2740 376 2820 innocentiam,
399 2755 431 2808 et
450 2744 595 2826 injnriarn
616 2748 879 2827 propulsandam
900 2769 936 2811 ac
950 2755 1017 2814 sola
1030 2753 1175 2817 omnium

145 2864 272 2933 semper
290 2866 309 2910 e
328 2844 456 2912 summis
479 2857 510 2909 et
535 2846 660 2930 optimis
681 2850 763 2909 culta
781 2848 853 2911 fnit.

538 2980 759 3045 Huttenus.

219 3078 328 3163 Atque
347 3076 445 3161 igitur
469 3090 587 3165 Cyrus,
606 3081 818 3146 sanctissimus
835 3083 917 3147 inter
932 3082 1085 3147 Ethnicos
1100 3107 1171 3167 rex,

143 3176 178 3245 in
195 3178 412 3260 pulcherrimis
432 3190 464 3244 et
481 3204 602 3245 summo
621 3184 805 3246 necessariis
825 3185 937 3263 stntliis
958 3235 973 3263 „
985 3182 1174 3272 Aquiculus..

145 3306 238 3360 rem,
256 3292 287 3341 et
308 3291 495 3348 Militiam
523 3283 646 3365 posuit,
678 3307 746 3369 qnae
769 3287 852 3362 tlno,
872 3296 938 3349 lota
958 3310 975 3348 a
995 3288 1089 3355 nobis
1110 3291 1174 3379 uitp

142 3391 289 3465 aguntur.
328 3392 424 3450 Plato
444 3395 547 3445 autem
566 3405 681 3466 pucros
702 3384 826 3447 discere
846 3409 1007 3451 armornm
1026 3390 1173 3471 peritiam

141 3480 251 3564 jubet,
273 3495 305 3546 et
325 3484 448 3548 adtritos
468 3483 570 3547 statim
590 3484 805 3549 militie-tradi
824 3488 973 3570 precipit.

544 3617 766 3680 Mercator.

218 3717 330 3779 Potest
349 3717 474 3779 tandem
495 3717 564 3781 linis
584 3741 653 3783 esse
674 3722 806 3796 horum,
826 3731 861 3782 ut
880 3720 922 3784 ad
941 3721 1019 3786 alios
1035 3736 1171 3810 quoque

141 3817 308 3903 predones
329 3816 557 3882 deveniamus?

530 3933 789 4000 Franciscus.

217 4031 302 4096 Finis
322 4036 411 4096 esto!

547 4151 767 4215 Mercator.

215 4250 258 4311 Et
276 4249 394 4314 firmari
411 4252 493 4314 inter
512 4272 571 4314 uos
592 4255 692 4335 gralia
711 4255 840 4333 polest?

519 4368 545 4431 F
555 4370 777 4434 ranciscus.

214 4465 401 4531 firmemur
