2618 5108
160 268 307 287 ,...ψ..,*,-ν
317 77 629 276 -.ι-ι*-
672 251 690 262 ⁹

520 758 783 857 Expostulatio.
808 873 811 882 y
1085 726 1165 844 367

138 949 259 1012 versari
274 950 376 1024 buic,
402 949 433 1012 si
458 949 591 1015 inimicis
617 944 716 1032 ipsius
742 938 1006 1020 secundatum.
1043 937 1158 1041 Neque

138 1051 197 1111 alia
227 1071 320 1114 causa
342 1050 575 1127 Caracciolum‚
607 1055 721 1117 malum
748 1054 866 1138 alioqui
895 1055 1069 1135 bominem,
1099 1069 1157 1122 tuo

135 1152 296 1231 praeconio
336 1151 423 1234 frugi
455 1151 607 1228 reddidit,
648 1174 743 1236 quam
771 1155 860 1239 quod
894 1177 966 1220 curn
995 1160 1156 1223 Alcandro

137 1273 200 1314 una
227 1252 392 1315 Pontificis
425 1253 576 1316 adversus
605 1253 781 1317 Lutberum
810 1256 876 1336 egit
906 1258 1080 1338 negotium.
1119 1259 1157 1322 ln

136 1356 198 1417 boc
217 1375 283 1415 uno
303 1354 410 1416 insunt
430 1375 538 1416 omnes
556 1352 637 1414 illius
651 1355 801 1432 virtutes,
824 1378 902 1440 quas
915 1359 1029 1420 efferre
1049 1360 1156 1442 gestis.

138 1455 300 1519 Adscribis
320 1455 393 1517 huic
413 1455 483 1516 albo
496 1454 627 1516 Eecium
650 1476 798 1538 qrrnque,
820 1456 998 1520 mortalium
1017 1460 1157 1524 omnium

137 1555 339 1617 vanissimum
381 1568 475 1638 atque
520 1557 825 1635 arrogantissimum,
881 1561 932 1618 vel
976 1568 1033 1620 tuo
1070 1559 1159 1624 testi·
1239 1554 1248 1567 ’

139 1657 260 1721 monio.
308 1658 387 1717 Nam
408 1655 501 1717 etiam
528 1656 673 1732 dicebas,
701 1659 784 1718 hunc
814 1657 899 1719 omni
919 1669 1101 1742 contemptu
1122 1681 1159 1724 ac
1214 1671 1217 1677 ’

139 1759 264 1840 publica
283 1757 430 1819 irrisione
451 1756 696 1831 exsibilandum,
719 1758 1029 1841 explodendumque.
1058 1761 1155 1842 Quod

136 1860 218 1920 adeo
254 1879 319 1919 non
351 1857 478 1919 videtur
514 1857 571 1918 tibi
613 1858 731 1933 modo,
779 1868 815 1918 ut
851 1857 1039 1940 quibusdam
1081 1863 1158 1927 iras·

136 1961 235 2033 caris,
271 1957 327 2040 qui
355 1957 451 2019 affixis
478 1959 562 2019 bunc
590 1956 712 2019 schedis
739 1956 961 2035 prosciderint.
999 1961 1107 2023 Placet
1126 1974 1160 2027 et

138 2060 280 2123 Joannes
301 2057 405 2118 Faber
434 2056 553 2119 ordinis
573 2058 787 2119 Praedicatorii
816 2060 987 2120 monachus
1007 2059 1079 2137 tibi,
1100 2062 1157 2146 qui

136 2171 241 2221 tamen
260 2157 376 2220 nemini
398 2158 483 2218 bono
504 2179 644 2240 unquam
665 2158 796 2238 placuit,
816 2160 912 2220 bomo
932 2169 1043 2224 natura
1063 2173 1165 2227 atrox·

137 2271 170 2322 et
190 2258 343 2321 crudelis:
372 2278 438 2340 quo
457 2278 550 2319 nemo
570 2269 602 2319 et
624 2257 657 2319 in
678 2257 876 2341 Capnionem
894 2258 1000 2340 prius,
1021 2273 1053 2325 et
1071 2284 1158 2326 nunc

138 2361 171 2432 in
198 2361 374 2421 Lutberum
404 2357 620 2420 inclementius
652 2358 756 2421 omnia
789 2360 955 2451 consuluit.
1002 2364 1099 2444 Quod
1129 2365 1157 2428 si

138 2471 300 2543 peccatum
330 2459 369 2520 ab
395 2457 448 2520 illo
479 2478 545 2520 non
576 2468 640 2532 est,
668 2480 728 2520 nec
754 2460 810 2522 tibi
839 2461 1051 2543 improbatur,
1078 2463 1156 2530 illud
1244 2543 1248 2559 ,

135 2563 260 2624 tandem
281 2563 373 2643 quale
392 2571 449 2634 est,
470 2561 558 2642 quod
577 2561 617 2622 de
637 2560 706 2640 ipso
727 2580 836 2622 omnes
855 2560 971 2637 sciunt,
998 2563 1156 2630 neminem

136 2665 235 2747 magis
254 2684 378 2742 semper
397 2660 536 2724 voluisse
556 2661 728 2722 extinctum
746 2660 846 2722 bonas
866 2660 991 2722 literar?
1023 2663 1155 2746 Aliquid

139 2776 219 2847 puto
239 2774 300 2837 est,
322 2782 357 2823 ac
378 2763 454 2836 tale,
476 2772 511 2822 ut
531 2773 563 2822 te
578 2761 716 2823 omnium
729 2759 863 2822 maxime
879 2772 1070 2824 commotum
1083 2764 1156 2826 red·

138 2865 207 2927 dat:
228 2865 317 2926 doles
337 2874 440 2924 tamen
459 2861 492 2922 in
503 2861 642 2940 epistola
656 2862 695 2923 ad
709 2861 936 2941 Moguntinum
949 2862 1154 2944 Episcopum,

139 2966 225 3028 vires
246 2966 357 3027 deesse
377 2960 453 3036 tibi,
471 2962 522 3022 ad
541 2962 823 3023 commendandum
842 2981 902 3043 pro
922 2983 978 3024 sua
1003 2962 1157 3051 dignitate

138 3077 259 3129 tantum
281 3064 393 3125 virum.
440 3060 476 3121 ln
497 3063 607 3123 eadem
626 3062 710 3141 apud
731 3073 761 3121 te
781 3061 909 3123 fortuna
930 3073 978 3124 est
997 3063 1074 3126 alius
1094 3067 1154 3129 Fa·

137 3165 197 3229 ber
217 3163 396 3227 Canonicus
416 3173 449 3225 et
461 3160 606 3223 Vicarius
627 3160 893 3237 Constantiensis,
914 3161 1154 3231 Curtisanorum

138 3262 398 3345 superbissimus,
429 3262 485 3346 qui
510 3282 656 3343 magnum
683 3273 791 3323 contra
811 3264 985 3325 Lutherum
1005 3270 1154 3330 volumen

141 3364 257 3438 edidit,
288 3362 376 3444 quod
394 3374 428 3424 tu
448 3363 617 3444 aliquando
637 3362 759 3437 dixisti,
783 3363 929 3424 omnibus
949 3385 1017 3426 esse
1037 3368 1153 3430 merdis

139 3463 378 3546 percacandum.
416 3464 529 3544 Neque
548 3460 673 3540 injuria.
711 3464 763 3524 Sic
781 3462 958 3544 ineptitille
977 3463 1020 3525 ibi
1037 3466 1152 3558 asinus.

138 3567 183 3629 At
216 3586 300 3626 nunc
331 3563 456 3644 optimis
488 3563 687 3641 comparandi
723 3563 880 3623 hominem
909 3551 1016 3625 causas
1046 3565 1151 3628 habes.
1216 3626 1220 3635 ,
1250 3648 1252 3650 ¹

139 3669 218 3730 Nam
239 3677 271 3728 et
291 3664 321 3725 in
343 3664 439 3744 gratia
462 3665 569 3723 llomre
589 3673 650 3735 est,
682 3672 712 3723 et
732 3661 807 3722 illud
827 3663 881 3722 tibi
901 3683 1003 3740 nuper
1023 3685 1152 3728 aureum

137 3769 176 3831 ab
196 3768 338 3829 Adriano
359 3766 463 3824 Breve
483 3762 604 3834 retulit3
634 3772 681 3834 et,
704 3763 790 3844 qnod
812 3762 949 3823 omnium
970 3763 1064 3824 debet
1083 3784 1151 3827 esse

137 3864 402 3937 efficacissimum,
435 3864 577 3924 Lutlrero
606 3861 748 3922 inimicus
774 3873 831 3924 est.
872 3861 949 3940 (luis
970 3864 1153 3928 credidisset

135 3969 339 4044 Ludoricum
368 3975 498 4038 lterum,
529 3975 559 4023 et
576 3963 730 4024 Joanue'm
753 3971 957 4039 Gebvilerum,
988 3964 1064 4024 (luas
1084 3965 1151 4026 exi·

136 4070 256 4132 tiabiles
287 4068 415 4129 Basileae
455 4076 575 4144 pestes,
616 4062 743 4122 avaritia
782 4063 940 4143 perditos,
980 4063 1150 4127 ambitione

136 4182 330 4242 occoecatos,
363 4164 602 4228 Curtisanornm
624 4163 816 4238 teterrimos,
848 4176 879 4226 et
906 4165 961 4246 qui
983 4164 1041 4224 soli
1061 4163 1093 4223 in
1114 4154 1158 4228 ea'

136 4271 216 4333 urbe
235 4266 472 4330 renascentibus
493 4264 605 4336 literis,
627 4282 663 4322 ac
682 4264 916 4341 emergentibus
936 4265 1089 4325 bonarum
1103 4285 1151 4327 ar-

136 4373 214 4434 tium
233 4369 360 4444 studiis,
389 4364 635 4448 pertinacissime
655 4363 709 4425 diu
729 4365 792 4441 jam
817 4364 989 4440 obsistunt,
1011 4366 1151 4433 laudato-
