2618 5108
247 49 732 238 ‹ww—¹
775 219 792 228 ι

567 718 767 797 invectiva.
1104 728 1175 807 ztt

139 912 351 979 moderamini
371 914 494 980 itandis
524 935 560 980 ac
579 914 763 998 imposturae
783 937 974 983 successum.
1011 919 1087 983 Non
1105 942 1180 1004 pen-

139 1030 242 1101 petuo
270 1016 450 1093 eaecutient,
484 1019 538 1102 qni
564 1017 685 1097 aliquot
711 1017 774 1100 jam
799 1043 899 1085 unnos
926 1021 1005 1084 mule
1025 1020 1075 1083 usi
1102 1037 1177 1087 sunt

140 1118 253 1182 oculis.
302 1120 428 1182 Videtis
447 1120 528 1182 illam
548 1119 668 1202 spirare
699 1121 848 1186 libertatis
874 1143 999 1198 surum,
1032 1123 1177 1187 homines

137 1219 235 1283 tudio
256 1220 475 1302 praesentium,
510 1220 662 1281 innovare
681 1223 766 1284 hune
786 1244 893 1285 rerum
912 1233 1025 1285 statum
1045 1243 1176 1305 cupere.

139 1323 206 1387 Ubi
226 1321 337 1385 neseio
368 1345 407 1385 an
437 1334 505 1385 tuto
531 1326 687 1403 possimus
719 1346 777 1387 nos
802 1325 954 1387 contenti.
993 1324 1176 1407 Aliquando

139 1446 182 1488 ex
202 1425 328 1488 modica
347 1425 451 1487 favilla
470 1425 583 1508 ingens
604 1427 705 1490 statim
721 1424 903 1488 incendium
922 1426 1057 1488 emicuit.
1099 1428 1177 1489 Haee

138 1526 168 1591 si
190 1526 222 1589 in
241 1537 378 1589 mentem
399 1525 491 1590 vobis
511 1525 674 1603 venerint,
695 1548 760 1588 non
781 1535 931 1607 poterunt
949 1547 1016 1589 non
1036 1548 1106 1591 esse
1125 1551 1174 1591 su·

137 1629 266 1693 lutaris.
307 1627 362 1690 Sin
381 1649 462 1690 vero
490 1627 622 1691 ulterius
650 1628 786 1691 fortune
812 1629 974 1691 fidendum
1003 1629 1176 1708 videbitur,

137 1742 174 1795 et
189 1740 365 1795 lutherum
378 1728 642 1812 pertinacissime,
656 1741 692 1790 nt
707 1728 905 1806 instituistis,
927 1730 1176 1815 persequemini,

138 1834 252 1897 eudem
272 1852 388 1913 opere,
419 1831 547 1909 (videor
567 1831 651 1892 enim
671 1830 760 1912 qnod
780 1830 925 1892 futurum
944 1842 1008 1905 est,
1040 1854 1178 1914 prusen-

137 1934 216 2011 tire)
238 1935 355 2007 fatum,
388 1933 478 2015 quod
505 1953 564 1993 vos
591 1942 711 2005 munet,
745 1930 922 1994 accersetis.
974 1933 1175 1997 Mementote

140 2048 266 2111 autem,
287 2033 429 2096 vindices
451 2054 521 2096 esse
542 2031 604 2095 Dei
626 2033 755 2107 oculos,
784 2031 817 2093 in
838 2032 944 2094 infima
964 2033 1028 2094 hnc
1049 2055 1176 2114 semper

138 2136 307 2212 directos,
338 2146 369 2200 et
398 2136 538 2216 desuper
556 2133 720 2197 imminere
747 2133 839 2196 vobis
858 2131 1023 2211 judicium.
1077 2133 1176 2197 Certe

138 2240 292 2324 profecto
312 2237 491 2300 innocentis
511 2236 573 2298 viri
598 2232 792 2299 damnationi
800 2235 831 2314 ⁴³)
850 2233 952 2315 cupita
972 2245 1079 2298 vestra
1098 2257 1177 2299 con·

137 2352 261 2407 uectum
280 2338 396 2402 sciatis.

174 2567 208 2638 ’)
228 2578 417 2622 Damnattont:
437 2567 599 2623 damnatione,
