2618 5108
210 813 286 895 did
356 882 360 889 .
549 809 720 913 'Spongia
741 811 885 896 Erttmi

209 1004 316 1077 sidem
335 1007 397 1071 hoc
414 1004 546 1088 largiar,
578 1027 620 1070 nc
649 1005 690 1069 ab
717 1003 800 1071 illius
818 1003 957 1070 factione
977 1003 1161 1068 desciscam.
1198 998 1235 1062 si

210 1128 264 1174 me
284 1107 454 1192 quisquam
473 1107 552 1170 vidit
571 1117 634 1170 tam
652 1117 781 1189 potum,
800 1118 835 1171 ut
854 1117 954 1171 totum
966 1106 1143 1169 Lutherum
1157 1121 1235 1182 pro·

208 1208 328 1285 barim,
351 1208 466 1288 patiar,
485 1217 521 1268 ut
539 1227 590 1270 mc
607 1217 704 1269 vocet
722 1207 979 1289 Rhipsaspidem‚
1009 1226 1069 1288 pro
1090 1207 1236 1275 Erasmo.

210 1310 301 1392 Quid
329 1319 434 1371 autem
459 1307 590 1384 niirum,
615 1307 643 1371 si
663 1329 726 1390 ego
745 1328 891 1372 recusem
910 1328 1027 1370 nomen
1047 1302 1234 1380 Lutherani,

133 1479 141 1494 .
209 1432 282 1479 eum
303 1411 353 1474 hic
366 1410 522 1473 neminem
534 1409 677 1484 videam,
699 1408 755 1492 qui
768 1409 920 1472 sustineat
932 1407 996 1470 dici
1009 1402 1234 1469 Luthcranusl

113 1587 120 1595 ¹
210 1512 310 1586 Narra,
341 1511 428 1593 quod
448 1511 605 1575 Huttenus
626 1531 709 1593 aegre
728 1511 860 1573 admittit
877 1512 956 1573 hanc
980 1507 1232 1589 appellationem,

209 1611 326 1677 mirum
346 1610 450 1673 videri
468 1631 534 1673 non
554 1610 669 1685 dehet,
688 1631 761 1676 cum
778 1631 837 1674 nec
856 1609 924 1690 ipse
936 1611 1098 1673 Lutherus
1117 1627 1235 1689 agnos·

210 1723 262 1774 cat
281 1731 372 1785 eum,
405 1731 441 1772 ac
460 1709 669 1789 patrocinium
696 1711 789 1775 ctiam
815 1723 989 1775 aversetur.
1040 1711 1082 1770 Et
1103 1708 1233 1771 nisime

210 1814 303 1894 plane
323 1810 400 1874 fallit
422 1810 517 1874 animi
541 1810 741 1891 conjectura,
773 1816 876 1880 mallet
894 1813 1060 1874 Erasmum
1085 1810 1234 1870 adversa-

208 1910 313 1988 num,
346 1933 441 1995 quam
470 1913 645 1975 Huttcnum
671 1923 951 1994 propugnatorem.
997 1911 1060 1973 Sed
1080 1909 1161 1971 illius
1179 1929 1233 1979 res

207 2012 560 2089 transueherent,
591 2025 626 2077 ut
653 2013 695 2076 illi
714 2015 802 2076 bono
829 2012 871 2093 sit
889 2012 1065 2074 Lutherani
1091 2008 1233 2072 vocabu·

207 2114 291 2190 lum,
311 2125 443 2195 utpote,
463 2114 553 2196 quod
571 2115 675 2194 ipsum
693 2135 779 2176 nunc
796 2112 900 2176 solum
919 2123 951 2174 ct
970 2122 1095 2178 tueatur
1115 2122 1147 2173 et
1162 2112 1233 2173 alat.

206 2213 291 2281 ttihit
311 2235 452 2298 unquam
472 2213 617 2278 damnavi
631 2213 766 2278 Lutheri
786 2214 879 2290 odio,
901 2214 989 2297 quod
1008 2224 1094 2275 recte
1114 2213 1233 2287 dictum

207 2325 307 2379 esset:
336 2335 396 2375 nec
422 2334 563 2396 unquam
583 2315 769 2395 approbabo
790 2314 870 2377 illius
892 2334 1014 2388 amore,
1048 2313 1137 2395 quod
1158 2309 1231 2375 mihi

209 2434 303 2481 aecus
325 2414 442 2475 dictum
461 2414 600 2476 videtur.
639 2415 672 2476 Si
691 2413 821 2478 fuissem
842 2414 886 2476 illi
907 2414 1043 2495 juratus,
1076 2425 1130 2474 aut
1149 2411 1231 2475 illius

206 2512 392 2588 sodalibus,
426 2523 530 2575 tamen
549 2514 694 2577 laudatur
713 2514 758 2591 is,
789 2515 844 2599 qui
863 2515 1028 2595 resipiscit'.
1066 2515 1161 2575 Nunc
1181 2533 1231 2574 me

205 2613 397 2677 dehortante
425 2633 476 2676 res
509 2617 574 2680 haec
606 2628 706 2694 carpta
737 2627 794 2679 cst.
833 2617 960 2678 Norunt
990 2617 1053 2676 hoc
1083 2613 1231 2693 impensae

104 2761 113 2771 κ
205 2714 383 2778 Lutherani
402 2715 580 2799 quondam,
613 2738 699 2783 nunc
718 2718 825 2800 quales
845 2715 907 2779 sint
933 2716 1053 2777 nescio.
1092 2711 1180 2793 Quid
1199 2712 1233 2774 in

206 2814 351 2887 Luthero
384 2814 567 2891 metuerim,
600 2818 736 2880 declarat
755 2817 806 2878 illa
825 2819 923 2897 prima
950 2814 1098 2897 epistola,
1136 2833 1232 2896 quam

213 2917 252 2979 ad
272 2917 358 2978 illum
377 2913 500 2996 scripsi.
520 2917 679 2981 Desidero
698 2919 731 2981 in
748 2916 884 2979 Lutheri
903 2915 1025 2997 scriptis
1045 2913 1232 2985 modestiam

206 3027 238 3081 et
256 3016 530 3078 mansuetudinem
548 3018 786 3100 Evangelicam;
813 3028 891 3080 noto
916 3015 1123 3096 pervicaciam
1145 3035 1231 3079 asse·

206 3118 349 3183 verendi.
397 3117 536 3191 Eadem,
566 3139 631 3199 quo
652 3117 750 3199 magis
770 3119 802 3178 in
830 3137 870 3181 eo
890 3116 1084 3189 desiderem,
1109 3115 1232 3182 faciunt

207 3212 291 3278 illius
323 3215 435 3290 libelli,
468 3216 524 3298 qui
551 3217 712 3296 prodeunt
736 3218 838 3281 indies
861 3219 1055 3292 atrociores,
1083 3217 1178 3278 etiarn
1196 3216 1232 3290 in

207 3334 345 3379 summos
365 3315 545 3397 Principes,
567 3338 660 3399 quos,
681 3321 917 3402 qualesquales
938 3330 1030 3395 sunt,
1052 3338 1118 3379 non
1132 3340 1233 3398 expo,-

207 3416 314 3481 diebut
339 3414 465 3478 irritari.
511 3418 553 3477 Et
579 3418 663 3480 inter
689 3421 805 3481 amicos
832 3420 943 3481 dolens
963 3419 1128 3502 aliquoties
1149 3417 1229 3494 dixi,

206 3540 258 3585 me
277 3518 422 3581 dubitare
442 3519 483 3580 de
502 3517 615 3595 spiritu
636 3518 732 3593 illius3
763 3541 823 3582 nec
843 3542 983 3603 unquam
1014 3532 1119 3581 tamen
1139 3528 1228 3581 certo

206 3618 423 3701 pronuntiavi.
459 3619 532 3681 Hoc
555 3629 674 3680 tantum
692 3620 841 3682 hactenus
860 3619 998 3700 judicavi
1013 3621 1053 3682 de
1071 3620 1230 3694 Luthero,

207 3731 239 3785 et
259 3720 292 3781 in
316 3741 357 3783 eo
378 3717 645 3790 constantissimus
665 3719 730 3794 tui,
762 3719 905 3800 scriptis,
927 3719 1035 3794 dictis,
1063 3723 1141 3782 clam
1175 3740 1230 3800 pa·

207 3821 333 3903 lamque
353 3821 464 3883 eadem
482 3819 662 3885 testificans.
710 3819 773 3883 Ubi
804 3831 852 3883 cst
878 3819 975 3902 igitur
1001 3819 1059 3881 ista
1079 3819 1230 3889 mirabilis

206 3921 416 3985 inconstantia
436 3920 525 3983 mea?
556 3922 694 3997 Vereor,
714 3941 755 3982 ne
780 3920 857 3984 istos
883 3921 981 4003 magis
1002 3922 1142 3983 offendat
1160 3944 1232 4001 mea

209 4021 393 4086 constantia.
431 4022 510 4094 ,Sed
529 4021 674 4083 omnihus
692 4021 788 4084 rebus
810 4020 963 4104 omissis,
982 4032 1066 4083 totus
1088 4023 1178 4086 seror
1197 4024 1230 4089 in

209 4123 412 4185 Lutherum.“
451 4122 557 4184 lathuc
571 4123 730 4185 Huttenus
747 4121 865 4184 audivit
881 4144 923 4196 ex
942 4133 1128 4202 compotore
1149 4145 1231 4206 quos

208 4224 302 4304 piam.
352 4224 476 4283 Verum
508 4223 559 4282 vel
593 4241 635 4282 ex
671 4222 791 4286 Achate
823 4222 875 4284 illo
904 4243 965 4284 sno
997 4224 1228 4304 Eppendorpio

209 4324 331 4401 discere
359 4323 481 4402 potuit,
512 4343 562 4384 me
588 4332 653 4382 tum
678 4321 754 4384 nihil
779 4323 881 4386 minus
909 4343 1022 4403 agere,
1051 4345 1146 4406 quam
1167 4327 1229 4386 hoc

210 4425 301 4511 quod
319 4420 440 4505 objicit.
477 4421 549 4488 Jam
566 4432 642 4487 tunc
663 4443 834 4505 aggressus
856 4444 942 4487 eram
962 4424 1173 4506 paraphrasim
1193 4425 1228 4499 in

430 4536 434 4547 ·
641 4534 672 4580 ο.
