2618 5108
148 876 150 881 .
181 814 254 891 304
584 809 806 910 Einleitung.

114 1047 116 1052 ’
182 1014 268 1088 sehr
293 1036 341 1085 zu
366 1011 540 1085 siirchten
565 1010 709 1103 schien,
751 967 882 1111 echellt
914 1032 979 1083 aus
1014 1006 1209 1106 folgender

181 1125 291 1201 Stelle
333 1126 399 1199 des
436 1125 629 1198 Berichtes
667 1150 743 1199 von
785 1125 969 1200 Kochliius
1011 1126 1106 1195 iiber
1149 1122 1208 1194 die
1246 1215 1252 1226 .

72 1275 76 1287 ·
179 1240 490 1339 Verhandlungen
516 1241 581 1312 des
606 1239 803 1313 Wormser
826 1241 1087 1337 Reichstages:

153 1506 156 1513 ,
202 1522 207 1529 θ
279 1432 508 1527 „Pracipue
531 1454 621 1504 uero
647 1406 929 1523 irascebantur,
964 1435 1151 1527 minisque
1176 1435 1211 1501 et

181 1544 415 1621 clamoribus
447 1539 684 1640 frendebant
717 1548 792 1620 duo
837 1571 886 1618 ea
926 1550 1212 1620 Germanorum

179 1661 329 1751 Poetis,
355 1666 553 1732 stemmate
585 1661 736 1758 quictem
762 1667 866 1734 auito
891 1661 1052 1753 nobiles,
1087 1671 1121 1732 et
1153 1663 1211 1732 in-

179 1780 291 1872 qenio
316 1774 432 1867 clari,
465 1775 533 1847 sed
555 1778 689 1859 animo
713 1779 886 1848 maxime
908 1770 1081 1871 seroces,
1111 1775 1210 1846 etot

179 1912 247 1964 cus
267 1891 455 1962 Huttenus
471 1889 667 1982 Francus,
693 1897 728 1962 et
751 1893 999 1964 Hermamms
1019 1890 1210 1983 Buscizins

183 2002 243 2076 W
236 2003 450 2101 estphalus,
485 2003 610 2077 hostes
633 2028 728 2077 sane
753 2009 920 2103 antiqui,
957 2007 1021 2078 tzic
1051 2004 1171 2078 leeot
1194 2043 1211 2067 =

179 2117 357 2221 leporum
381 2118 723 2211 scholasticorum,
757 2126 800 2226 et·
812 2120 1121 2210 Menaenorum,
1148 2119 1211 2191 ille

181 2233 496 2324 Curtisanorum,
521 2256 571 2306 ac
595 2237 830 2305 Nuneiorum
853 2235 1045 2306 Romame
1073 2234 1209 2305 Curia.

179 2341 277 2441 (fol.
303 2349 396 2431 33.)
445 2343 502 2418 An
544 2344 664 2419 einem
689 2347 832 2420 andern
867 2348 960 2421 Orte
995 2346 1111 2419 'heisst
1145 2373 1209 2421 es:
1272 2350 1275 2361 ’

176 2459 226 2536 In
266 2460 381 2555 vulqo
426 2466 555 2533 autem
602 2461 915 2536 turbulentissime
948 2462 1211 2553 jactabantur

178 2574 355 2673 querela,
388 2599 476 2647 cum
505 2573 553 2648 ab
580 2577 690 2670 aliis,
728 2583 810 2650 tum
840 2601 929 2649 vero
964 2581 1209 2650 amarissime

179 2713 230 2764 ac
253 2692 574 2784 vehementissime
604 2716 632 2765 a
657 2690 801 2765 duobus
822 2697 941 2787 poetis
964 2692 1208 2788 supradietis,

183 2807 227 2880 U.
264 2809 455 2900 Hutteno‚
489 2813 523 2877 et
560 2810 691 2881 Herm.
716 2807 906 2899 Eusebeia,
943 2830 1107 2904 quorum
1144 2807 1209 2878 hic

174 2944 342 3018 prasens
384 2926 425 2994 in
458 2919 569 3013 urbe,
617 2920 848 2995 clamoribus
889 2927 922 2993 et
966 2924 1209 3018 querimoniis

177 3039 313 3110 omnia
340 3034 571 3133 complebat3
608 3034 669 3107 ille
702 3060 791 3109 vero
825 3035 960 3110 absens
994 3060 1072 3108 non
1097 3036 1209 3131 tonqe

177 3172 207 3222 a
243 3149 474 3222 Wormaeia
510 3153 552 3222 in
585 3138 676 3223 arce
713 3151 912 3224 Francisci
959 3150 1094 3223 nobilis
1134 3157 1210 3225 viri

177 3267 544 3338 conviciosissimam
569 3269 672 3337 misit
689 3280 739 3338 'eo
764 3265 986 3362 epistolam,
1024 3266 1209 3341 aduersus

177 3402 308 3454 omnes
331 3382 522 3476 episcopos
557 3384 591 3451 et
617 3379 782 3452 clericos.
849 3380 955 3452 (triete
987 3379 1128 3476 fiebat,
1166 3387 1231 3453 ut·

175 3496 277 3571 uitat
317 3500 582 3590 expectaretur
625 3498 781 3585 certius,
836 3517 956 3590 quam
998 3499 1132 3590 qraois
1174 3502 1209 3568 et

176 3618 336 3685 cruenta
380 3616 519 3684 contra
556 3610 747 3682 Casarem
792 3632 1014 3706 omnemque
1064 3611 1208 3684 clerum
1252 3611 1254 3615 ’

175 3724 318 3799 seditio.
392 3724 468 3797 Sed
512 3730 608 3798 atas
653 3723 865 3820 bonitasque
918 3725 1102 3817 Casuris,
1157 3751 1208 3801 ac

172 3841 389 3936 principum
437 3837 636 3933 ditiqentia
677 3839 862 3934 proclives
903 3842 944 3911 in
986 3841 1207 3914 seditionem

175 3957 329 4026 animos
355 3951 612 4026 cohibuerunt.
624 3954 646 3989 ‘⁶
664 3990 713 4005 -·
980 3960 984 3966 '

271 4107 324 4182 Es
350 4107 495 4208 ergiebt
527 4105 605 4180 sich
636 4132 722 4181 zum
745 4108 954 4183 mindesten
987 4133 1052 4182 aus
1078 4108 1206 4183 diesen

174 4223 357 4316 Worten‚
406 4224 487 4295 dass
534 4247 620 4297 man
655 4223 746 4323 jene
785 4224 947 4297 Miinner
983 4224 1206 4322 wenigstens

173 4341 269 4416 wohl
294 4337 396 4436 sihig
431 4336 541 4432 hielt,
581 4339 640 4412 ein
663 4339 942 4412 Unternehmen
968 4339 1115 4412 salcher
1139 4342 1207 4412 Art

175 4479 224 4530 zu
247 4453 480 4546 vollfiihren,
517 4453 595 4527 und
621 4453 701 4528 dass
734 4454 787 4528 sie
813 4452 921 4528 dabei
945 4454 1205 4555 grossentheils
