2618 5108
74 244 80 255 κ
87 238 116 248 '⁸'
121 238 150 248 ἢ
154 61 546 259 ..ον’-ομ.
589 238 607 249 .

310 678 485 802 {aversus
510 729 748 828 adspergines
767 727 935 806 Hutteni.
1066 725 1137 811 437

108 915 287 983 -Lnnerue
331 921 395 985 Sed
413 923 568 987 Joannem
589 921 775 1002 Glapionem
793 939 956 983 recenseo·
972 917 1006 980 in
1027 917 1138 987 eadem

117 1017 264 1099 epistola,
296 1021 374 1086 eitra
392 1025 634 1098 contumeliam
661 1021 736 1085 nihil
764 1019 849 1083 enim
865 1019 964 1083 laudis
991 1018 1024 1081 in
1051 1017 1137 1080 illurn

116 1119 261 1184 consero.
300 1122 363 1185 Hie
383 1124 543 1187 Huttenus
565 1124 732 1204 proferens
751 1118 870 1185 δώωσιν
890 1140 996 1185 suam:
1024 1120 1136 1199 ,Quid

116 1217 234 1301 iuquit,
268 1221 428 1302 Ginpion?
458 1235 573 1306 (prante
599 1235 629 1285 et
650 1225 718 1303 ipse
737 1222 812 1284 tuba
840 1223 894 1285 ebs
915 1234 946 1285 te
960 1218 1135 1299 ,caniuut“

114 1339 188 1381 etun
201 1320 264 1381 haec
276 1342 344 1383 mea
359 1323 399 1385 de
414 1324 465 1385 itio
484 1324 545 1386 sint
555 1326 666 1386 verba:
688 1325 753 1404 „Ad
764 1327 828 1387 haec
838 1322 1021 1386 Reverendi
1033 1318 1135 1384 Patris

116 1418 248 1484 Joanuis
273 1423 452 1502 Glapionis,
484 1424 539 1507 qui
563 1425 679 1487 Caesari
704 1437 771 1486 erat
799 1422 1041 1507 aconcionibus
1059 1427 1135 1483 etc.“

115 1518 191 1580 Haec
211 1533 258 1583 est
278 1523 367 1598 tuba,
395 1546 457 1607 qua
477 1525 580 1588 virum
601 1527 685 1588 iilum
705 1527 848 1587 decanto.
887 1525 949 1586 seu
970 1523 1134 1604 impuden-

115 1617 176 1680 tius
198 1632 259 1696 est,
292 1626 381 1704 quod
413 1625 509 1688 addit.
559 1626 659 1709 Atqui
690 1626 813 1688 solebas
838 1623 981 1687 execrari
1000 1622 1133 1689 hominis

109 1719 271 1784 malitiam.
310 1724 360 1787 De
386 1727 541 1806 Glapioue
566 1746 729 1808 nunquam
756 1726 889 1788 verbum
923 1744 1028 1806 neque
1055 1720 1133 1798 dixi,

111 1839 220 1900 neque
251 1823 365 1903 scripsi
383 1826 543 1900 Hutteuo,
572 1827 629 1888 sed
658 1838 689 1887 et
709 1826 770 1887 hoc
797 1824 992 1886 mendacium
1020 1821 1132 1907 aliquis

111 1932 282 2001 compotor
302 1921 346 1984 illi
365 1925 485 1987 detulit.
522 1927 563 1986 Et
583 1947 624 1987 ex
641 1925 823 2004 hujusmodi
843 1925 949 1986 neniis
970 1921 1133 1985 contexuit

111 2021 204 2083 ‚talem
233 2022 416 2086 calumniam
445 2025 479 2086 iu
505 2025 647 2088 amicum.
696 2027 804 2109 Atque
831 2025 882 2087 hic
907 2023 1001 2086 etiam
1020 2022 1131 2085 mede

111 2120 269 2199 Glapione
297 2125 481 2205 loquentem
507 2127 600 2200 sacit,
635 2149 704 2223 quae
730 2127 806 2194 mihi
832 2148 872 2187 ne
893 2146 951 2207 per
974 2123 1132 2187 somnium

109 2219 240 2302 quidem
260 2243 401 2304 unquam
419 2238 576 2287 venerunt
595 2227 626 2286 in
646 2238 791 2289 mentem.
831 2224 1017 2305 Glapionem
1035 2225 1131 2286 semel

110 2321 261 2383 duntaxat
299 2322 398 2387 tribus
426 2325 533 2388 verbis
561 2329 707 2402 salutavi,
738 2327 823 2388 sorte
852 2325 996 2400 obvium,
1032 2324 1130 2408 idque

109 2424 265 2495 Bruxellre
303 2437 375 2504 post
403 2428 637 2492 wormatiense
675 2428 859 2499 concilium
891 2438 1004 2488 caetera
1033 2423 1130 2489 literis

109 2535 177 2587 ecta
197 2536 270 2587 eunt
289 2526 372 2589 inter
392 2548 461 2589 nos.
502 2528 587 2608 Quid
607 2529 657 2590 ille
677 2529 803 2590 molitus
825 2527 882 2599 sit,
904 2537 957 2587 aut
970 2523 1130 2605 peregerit

108 2623 142 2687 in
162 2625 338 2689 Lutherum
360 2627 480 2690 nescio.
517 2625 630 2704 Certe,
659 2627 810 2711 quiequid
836 2622 930 2705 hujus
951 2623 1043 2699 iecit,
1062 2644 1130 2689 non

107 2745 180 2793 tneo
200 2727 275 2787 iecit
296 2727 442 2809 impulsu.
469 2729 553 2810 Ego,
573 2741 607 2789 ut
626 2729 765 2809 ingenue
784 2727 903 2801 dicam,
925 2724 1129 2807 quemadmo-

107 2825 184 2887 dum
213 2848 375 2909 nunqnam
408 2849 502 2891 ausus
528 2850 598 2891 sum
627 2827 747 2890 homini
776 2837 843 2888 toto
865 2838 996 2908 pectore
1015 2825 1127 2903 fidere,

107 2925 149 2991 ita
174 2946 336 3008 nunquam
367 2929 450 3008 gessi
480 2928 513 2990 in
541 2930 627 2991 illum
654 2927 813 2990 inimicum
842 2927 990 2989 animum.
1043 2922 1126 2987 Mihi

106 3036 193 3088 certe
223 3048 288 3087 non
316 3031 413 3090 semel
442 3040 604 3091 strenuum
635 3029 769 3090 amicum
795 3025 927 3107 prebuit
954 3026 1037 3107 apud
1057 3022 1127 3088 Cae·

106 3145 225 3200 sarem,
247 3129 336 3206 quod
353 3129 425 3191 satis
439 3128 541 3190 habeo
557 3140 763 3210 compertum.
801 3127 871 3191 Jam
886 3147 963 3189 vero
976 3125 1126 3189 festivum

106 3234 171 3297 est,
193 3226 282 3306 quod
300 3226 397 3289 horno
417 3227 583 3306 perspicax
602 3249 638 3291 ac
664 3231 792 3308 lynceus
812 3250 854 3290 ex
879 3248 945 3289 uno
962 3225 1124 3308 colloquio

26 3334 28 3343 '
106 3323 200 3397 nobis
220 3324 266 3387 sic
282 3326 424 3408 depingit
443 3327 645 3408 Glepionem,
666 3328 755 3413 quasi
774 3327 898 3391 modios
916 3327 1036 3410 aliquot
1054 3323 1125 3390 salio

106 3446 179 3488 eum
199 3426 252 3489 itto
273 3427 383 3489 ederit.
430 3427 606 3509 Equidem,
626 3441 777 3506 quantum
800 3427 962 3508 ingenium
988 3424 1124 3490 hominio

105 3547 147 3589 eu
172 3526 364 3606 prudentum
389 3527 588 3604 narratione,
625 3550 708 3613 eque
744 3528 843 3610 ipsius
872 3528 912 3590 ad
945 3547 994 3589 me
1024 3523 1122 3588 literie

105 3627 266 3709 conjicere
293 3628 401 3708 potui,
421 3630 600 3705 Huttenus,
621 3628 648 3692 si
665 3630 776 3692 decern
796 3627 884 3691 annis
903 3626 1033 3688 vixisset
1052 3645 1124 3688 cum

108 3728 283 3808 Glapione,
308 3730 450 3791 nondum
480 3728 681 3811 peruenisset
712 3729 793 3793 illius
828 3727 1000 3811 ingenium.
1048 3725 1123 3787 Non

105 3827 197 3909 potui
217 3850 296 3890 vero
316 3830 384 3892 sine
403 3831 470 3893 risu
489 3832 612 3910 legere,
635 3829 733 3913 quod,
756 3850 828 3890 cunr
847 3826 994 3906 Glapioui
1013 3824 1123 3888 miram

105 3928 270 3990 vafriciem
289 3927 477 4005 effinxisset,
507 3929 557 3993 rire
577 3929 651 3991 facit
671 3928 715 3991 illi
733 3927 931 3992 simillimum.
967 3927 1035 3990 lmo
1056 3945 1122 3987 non

105 4039 169 4090 tam
190 4027 344 4092 dissimilis
364 4032 499 4092 camelus
528 4031 634 4110 vulpi,
672 4051 765 4114 quarn
791 4030 939 4090 Erasmus
966 4024 1120 4089 dissimilis

106 4126 271 4208 Glnpioni,
300 4129 327 4190 si
362 4131 459 4193 ruodo
489 4131 556 4192 talis
583 4142 665 4206 erat,
697 4131 820 4212 qualem
856 4128 948 4189 nobis
980 4125 1122 4209 depingit

105 4229 276 4291 Huttenus.
315 4231 377 4293 Sed
395 4233 436 4293 de
454 4233 530 4295 meis
549 4232 691 4294 moribus
711 4230 770 4292 erit
788 4228 861 4292 aiibi
877 4226 1001 4290 dicendi
1021 4228 1119 4286 iocur.

93 4326 191 4392 'Mam
208 4329 302 4393 habet
320 4341 351 4394 et
369 4331 446 4396 illud
464 4333 657 4410 Huttenum,
677 4331 766 4415 quod
784 4329 820 4393 in
837 4330 970 4414 quadarn
989 4326 1121 4409 epistole
