2618 5108
355 300 522 320 «ων-..ν’-

376 837 434 911 Ad
457 839 655 912 Erasmum
680 836 846 937 epistola.
1071 844 1116 914 at

92 1028 276 1106 occasioni,
313 1030 386 1114 quis
412 1030 563 1111 impediet
589 1042 732 1113 optatum
760 1029 807 1094 bis
831 1030 971 1101 consiliis
997 1029 1122 1095 exitum

93 1132 300 1214 contingere3
330 1135 378 1196 sin
404 1145 515 1197 contra
541 1132 687 1208 eveniet,
715 1144 818 1194 tamen
838 1137 958 1196 nullum
987 1145 1035 1195 est
1058 1132 1122 1215 tam

93 1235 234 1314 prudens
265 1235 431 1300 Pontificis
456 1234 642 1310 corrsitium,
675 1235 764 1314 quod
793 1236 983 1319 extinguere
1013 1238 1075 1299 hoc
1103 1256 1122 1298 a

90 1333 184 1396 nobis
205 1337 377 1399 excitatum
394 1338 492 1398 semel
512 1334 695 1397 incendium
721 1335 823 1398 liceat.
862 1336 1014 1399 Profecto
1036 1339 1122 1402 enim

90 1436 252 1499 ardebunt
288 1437 365 1515 ista,
408 1449 716 1522 quantumcumque,
762 1437 987 1501 reluctantibus
1031 1439 1120 1520 ipsis,

91 1536 242 1602 etiamsi
268 1559 328 1600 nos
348 1538 538 1622 opprimant.
589 1539 660 1601 Jam
689 1538 767 1600 alios
789 1538 875 1600 enim
899 1537 1000 1618 pariet
1025 1542 1122 1602 velte·

88 1637 268 1702 mentiores
295 1641 389 1702 etiam
420 1638 572 1704 libertatis
593 1639 774 1701 adsertores
807 1638 885 1700 cinis
914 1640 973 1701 iste
1001 1651 1122 1702 noster.

89 1739 202 1821 Atque
221 1759 263 1802 eo
283 1740 382 1824 magis
401 1761 463 1824 ago
486 1742 549 1802 hae
569 1740 658 1821 quod
676 1739 819 1802 futurum
833 1741 894 1800 hoc
906 1749 977 1802 scis.
1016 1739 1124 1801 Cona-

89 1839 220 1922 borque
242 1841 348 1903 omnia
373 1854 406 1904 et
425 1841 649 1923 undecumque
676 1839 783 1902 licebit
808 1860 914 1901 ausam
932 1841 1025 1903 nobis
1046 1839 1123 1903 arri·

92 1945 194 2022 piam,
215 1941 290 2004 nihil
309 1963 376 2004 non
395 1943 536 2006 tentabo.
575 1945 606 2003 A
625 1962 692 2024 quo
712 1943 802 2003 nullae
821 1941 929 2017 minae,
948 1944 1031 2003 nulla
1051 1964 1121 2025 que

90 2043 253 2105 abducant
273 2043 413 2122 pericula
431 2048 503 2106 satis
523 2054 607 2104 suut.
655 2043 759 2105 Semel
779 2043 909 2104 inlisum
928 2041 962 2104 in
981 2042 1122 2106 libertate

90 2144 226 2208 animam
258 2143 363 2206 dirimi
391 2165 457 2206 nou
482 2142 593 2223 patiar.
640 2144 693 2206 An
712 2165 838 2224 possem
868 2142 949 2222 pati,
989 2143 1042 2205 cui
1062 2154 1124 2206 tam

91 2246 259 2309 inhonesta
286 2244 453 2327 proposita
480 2243 520 2305 sit
539 2242 692 2320 servitus,
726 2244 785 2307 nisi
805 2244 978 2308 rebellem?
1008 2247 1124 2326 Egone

93 2346 245 2411 mollibus
264 2346 400 2407 serviam
426 2345 656 2407 sacerdotalis?
692 2346 865 2410 delicatulis
897 2347 963 2408 istis
994 2345 1129 2434 cynedis

91 2447 245 2528 parcam?
264 2443 442 2528 impudicos
457 2446 586 2508 adorem
607 2446 808 2511 Pontifices?
827 2449 988 2511 hominum
1008 2448 1124 2511 nullior

92 2550 186 2612 mnae
206 2547 310 2630 frugis
329 2546 482 2627 imperata
499 2545 637 2609 faciam?
666 2569 736 2610 cum
757 2549 850 2611 toties
876 2549 1006 2612 summis
1027 2547 1125 2630 impe·
1230 2570 1232 2577 ’

92 2649 254 2715 tatoribus
273 2668 407 2731 negasse
427 2648 487 2708 boe
515 2646 652 2726 majores
678 2671 767 2711 meos
786 2648 904 2712 sciam?
934 2669 1051 2712 necea
1073 2648 1123 2740 sit,

95 2773 167 2835 qaue
204 2761 320 2812 tantam
355 2748 605 2831 indignationem
634 2749 730 2825 ferat,
770 2770 838 2812 mea
866 2750 1000 2812 natura?
1029 2750 1123 2814 Prius

95 2851 202 2914 omnia
220 2850 405 2931 perdidero.
445 2851 541 2930 Quod
562 2861 597 2912 ut
616 2873 657 2913 ne
676 2851 819 2927 dubites,
841 2871 908 2935 quo
922 2851 1040 2933 agitem
1058 2848 1126 2912 ani·

95 2973 168 3027 mo,
189 2952 252 3027 jam
272 2951 412 3033 persuasi
433 2950 500 3032 ipse
521 2954 613 3030 milti,
632 2952 726 3016 fatale
748 2956 807 3014 hoe
826 2972 896 3015 esse
910 2953 1053 3014 Hutteno
1064 2970 1125 3033 pro

94 3052 197 3136 patria
214 3053 430 3134 periclitante,
462 3055 552 3136 quod
582 3065 765 3116 constanter
790 3053 871 3115 adeo
898 3053 1071 3132 proposui,
1091 3059 1127 3112 ut

95 3153 265 3217 clariorem
291 3155 426 3228 nullam,
463 3174 559 3238 quam
591 3176 661 3238 quae
700 3176 760 3237 pro
788 3152 947 3214 communi
983 3151 1127 3212 libertate

95 3255 248 3330 obeatur,
276 3265 413 3317 mortem
438 3275 507 3317 esse
527 3255 713 3317 existimem.
751 3253 848 3337 Agite
875 3252 987 3336 igitur,
1016 3248 1127 3331 optimi

94 3359 205 3433 cives,
224 3356 332 3417 adeste
352 3357 542 3435 populares,
564 3359 780 3437 propellantur
799 3353 936 3436 improbi
956 3373 974 3415 a
995 3352 1126 3413 Germa·

95 3458 148 3521 nia
167 3455 317 3533 Domini,
336 3458 478 3518 solvatur
499 3457 598 3535 turpis
618 3457 771 3531 servitus,
793 3455 977 3536 pudendum
997 3450 1126 3532 abjicia-

95 3555 293 3639 turpjugum.
345 3557 523 3619 Germanos
550 3578 620 3620 esse
652 3579 708 3621 nos
737 3555 988 3628 meminerimus,
1017 3571 1126 3634 neque

95 3660 147 3724 irie
165 3659 335 3744 quisquam
361 3657 416 3730 sit,
445 3678 541 3739 quem
567 3658 704 3720 delectet
728 3658 855 3729 rivere,
885 3656 912 3718 si
933 3673 999 3716 non
1027 3648 1128 3732 possit

98 3761 207 3827 libere.
246 3758 379 3843 Aliquid
400 3780 467 3821 non
487 3760 591 3821 omnia
610 3760 797 3839 praecludet,
817 3759 859 3832 si,
881 3757 970 3840 quod
990 3755 1040 3817 isti
1055 3774 1128 3835 spe·

97 3872 183 3936 rant,
210 3859 386 3924 intercedet
404 3858 489 3937 regis
516 3861 664 3923 edictum.
703 3861 818 3944 Neque
839 3858 946 3922 omnia
971 3858 1021 3920 illa
1040 3855 1128 3918 reiu-

97 3963 150 4045 gia
176 3959 341 4036 clauserit,
385 3962 491 4022 omnia
516 3960 706 4024 srrbduacrit
742 3962 867 4024 auxilia.
926 3966 1030 4042 Quem
1063 3974 1127 4038 ego

97 4076 201 4125 tamen
225 4062 326 4127 eredo
344 4061 514 4124 abductum
542 4085 628 4127 nunc
646 4064 781 4145 pessimo
808 4063 958 4138 consilio,
986 4080 1052 4124 non
1071 4056 1128 4120 diu
1226 4136 1229 4143 Ι

39 4147 42 4157 .
94 4168 254 4230 iacturum
274 4165 368 4226 etiam
388 4167 461 4227 hoc.
498 4167 681 4248 Aliquando
701 4169 786 4231 enim
806 4168 899 4230 adse
919 4165 1049 4239 redibit,
1071 4181 1128 4224 ne·

95 4289 162 4353 que
185 4287 311 4348 semper
330 4267 563 4329 romanensium
585 4271 754 4348 palponum
773 4269 912 4333 consiliis
939 4271 1128 4334 subverten-

94 4371 173 4433 dum
200 4387 237 4431 sc
265 4367 434 4449 praebebit,
464 4389 535 4431 cum
567 4368 641 4452 quia
672 4381 720 4432 tot
746 4371 900 4452 exemplis
928 4366 1125 4434 commoveri

93 4491 170 4536 eum
198 4469 293 4533 tacite
324 4480 390 4547 est,
424 4469 500 4533 uilril
519 4489 590 4532 esse
610 4471 654 4533 ibi
680 4472 796 4555 lidum,
833 4488 901 4541 tum
924 4491 1021 4548 vero,
1051 4469 1126 4555 quia
