2618 5108
898 52 904 61 .

954 594 958 602 .

561 758 751 888 Dialogus.
1105 764 1196 864 tls

136 983 415 1061 Romanistarum,
452 981 548 1069 quod·
572 1001 614 1045 eo
645 977 746 1045 tendit
775 1004 889 1062 omne,
921 995 958 1048 ut
987 985 1006 1047 a
1036 986 1178 1051 fidelium
1280 1012 1284 1019 ·

139 1086 253 1149 animis
285 1086 448 1147 aboleatur
467 1083 662 1165 Evangelica
688 1081 822 1159 veritas,
853 1087 953 1170 inque
983 1088 1054 1166 ejus
1073 1091 1180 1152 locum

136 1189 257 1251 callidae
273 1187 430 1262 fictiones,
446 1187 609 1249 hominum
622 1185 863 1263 traditiunculis,
879 1187 980 1271 turpis
994 1189 1073 1252 lucri
1086 1191 1182 1252 allec·

137 1290 260 1353 tatione
275 1287 486 1363 concinnatae,
512 1288 759 1368 supponantur?
778 1290 820 1350 Et
833 1291 1097 1373 quemadmodum
1113 1312 1181 1355 non

138 1391 176 1455 id
195 1365 344 1476 quaerunt
364 1388 504 1451 ecclesie
523 1387 677 1452 antistites
698 1410 800 1466 nunc,
820 1393 986 1474 quomodo
1005 1413 1046 1455 ex
1062 1393 1181 1459 Christi

145 1490 290 1554 instituto
312 1488 423 1552 sisere
444 1490 566 1552 discant
585 1490 746 1566 homines,
767 1492 824 1554 sed
843 1503 879 1554 ut
898 1494 1022 1573 perdita
1034 1515 1091 1557 sua
1108 1516 1182 1558 ava·

143 1592 214 1656 ritis
232 1592 420 1672 expleatur,
443 1613 523 1666 suae,
546 1590 638 1652 nullis
652 1592 794 1654 terminis
808 1592 1069 1679 circumscriptae,
1088 1592 1187 1661 nullis'

143 1693 263 1759 finibus
283 1691 455 1774 designatae
477 1691 641 1754 ambitioni
660 1713 730 1755 mos
744 1696 897 1775 geratur?
916 1697 966 1759 De
979 1698 1026 1761 his
1040 1700 1181 1782 inquam,

143 1807 177 1861 et
195 1793 396 1877 hujusmodi,
430 1794 456 1856 si
477 1793 601 1875 plenius
621 1794 713 1877 queri
734 1795 847 1872 velim,
876 1799 961 1860 nulla
979 1801 1053 1863 satis
1073 1801 1183 1882 lingua

141 1896 263 1973 fuerit,
299 1897 405 1958 nullus
424 1895 570 1977 spiritus,
605 1896 690 1956 nulla
709 1897 807 1958 latera
834 1899 873 1960 ad
896 1901 1115 1980 explicandam
1135 1902 1183 1967 rei

142 2000 369 2081 atrocitatem·
402 1999 518 2079 Neque
547 1995 630 2059 enirn
652 1998 712 2058 ulla
739 1997 885 2060 lacitltste
911 2001 1029 2079 poterit
1054 2007 1183 2086 aequari,

145 2102 290 2168 omniurn
310 2101 407 2165 tidem
437 2096 806 2182 excedensmagnitudo
838 2099 913 2161 hec.
960 2104 1068 2182 Quare
1090 2103 1185 2168 etiam

133 2192 361 2286 ⁴scriptoribus
385 2201 485 2263 nostri
511 2198 662 2280 temporis
682 2199 792 2261 duram
812 2201 950 2281 proponi
969 2203 1186 2271 conditionem
1263 2276 1269 2287 ‚

145 2422 253 2473 tamen
272 2403 358 2485 apud
378 2412 543 2485 posteros,
564 2412 727 2481 utcunque
741 2421 778 2461 ca
797 2404 1035 2483 pertractarint,
1055 2407 1188 2471 carituri
1205 2437 1217 2453 ·

87 2534 93 2544 ·
147 2511 231 2584 sint,
264 2504 356 2590 quod
385 2522 480 2565 nerno
507 2501 618 2565 credet
643 2503 755 2579 talem,
785 2513 849 2567 tarn
875 2504 1053 2570 deformem
1084 2506 1216 2573 luisse·

147 2615 233 2677 hunc
253 2628 363 2673 rerum
383 2615 508 2669 statum.

565 2742 768 2812 Monitor.

228 2855 393 2938 Quantum
417 2847 494 2916 mihi
520 2871 669 2932 scrupum
698 2841 829 2931 objicis,
865 2868 960 2934 quam
990 2849 1080 2934 gravi
1099 2847 1190 2936 cogi·

151 2953 237 3021 latus
255 2976 346 3020 meos
372 2951 568 3018 haesitatione
595 2951 766 3033 impeditos
795 2951 913 3014 reddis.
959 2952 1061 3035 Igitur
1081 2955 1189 3037 quite

150 3058 306 3125 monitum
336 3055 477 3132 accessi,
509 3055 570 3116 hoc
589 3053 666 3117 mihi
686 3052 874 3134 contingere
893 3051 1007 3130 video,
1039 3048 1107 3137 ipse
1133 3057 1190 3118 abs

150 3172 183 3226 te
205 3170 241 3223 ut
259 3179 404 3223 moneat.
444 3154 487 3220 Is't
506 3158 534 3221 si
553 3175 653 3218 uuum
675 3175 741 3217 non
761 3153 861 3236 patiar
873 3152 1023 3233 ignorare
1037 3167 1079 3232 te,
1101 3152 1192 3240 quod

151 3264 256 3346 pelam
269 3261 393 3337 fertur,
419 3270 451 3322 et
466 3281 527 3342 pro
546 3266 678 3337 recepto
692 3276 780 3338 paene
792 3270 841 3318 est
849 3300 858 3331 ,
879 3256 1038 3318 neminem
1050 3278 1192 3342 unquam

151 3364 291 3432 feliciter
319 3361 415 3424 sitam
444 3361 570 3437 finisse,
601 3356 658 3443 qui
683 3356 886 3419 sacerdotum
915 3357 1022 3419 ordini
1047 3357 1202 3439 infensos¹

151 3465 272 3543 luerit,
294 3462 389 3527 etiam
408 3463 464 3547 qui
486 3459 561 3524 vitia
579 3460 761 3525 insectatus.

550 3614 807 3685 Franciscus.

232 3717 306 3809 lpse
325 3722 438 3789 melius
455 3723 595 3786 ominare
616 3721 721 3784 nohis.
760 3719 834 3779 litos
850 3726 956 3780 autem
971 3717 1064 3783 facile
1079 3720 1193 3804 patior,

158 3826 309 3893 dilatisah
321 3848 355 3889 se
369 3822 575 3901 rumirs'culis,
595 3834 709 3884 statum
721 3817 806 3880 tueri
816 3837 920 3880 suurn.
952 3821 1061 3904 Atque
1076 3825 1195 3887 utinam

161 3952 228 3994 non
258 3939 391 4012 possent
417 3927 474 3989 alia
501 3947 554 3999 re,
585 3943 693 4006 neque
713 3921 797 3984 aliud
825 3921 977 3984 haberent
1004 3925 1196 4006 praesidium.
1223 3924 1225 3928 ⁸

157 4032 218 4096 Me
237 4051 316 4094 vero
335 4029 412 4093 nihil
434 4035 565 4091 movent
593 4046 705 4107 nugae,
737 4022 817 4105 quin
841 4023 935 4085 etiam
960 4044 1077 4109 magno
1103 4029 1196 4093 fabu-

157 4135 260 4196 lantes
279 4133 345 4196 haec
366 4128 436 4193 illos
455 4129 562 4191 animo
581 4137 764 4188 contemno.
809 4124 897 4186 Novi
924 4126 1087 4191 hominum
1106 4130 1197 4213 inge·

157 4236 229 4309 nia,
247 4232 327 4296 novi
346 4242 445 4294 artes«
483 4229 547 4291 Sed
559 4229 690 4309 posthac
703 4228 783 4288 male
796 4226 896 4288 lident
915 4227 965 4290 iis.
991 4229 1112 4312 Aperta
1124 4241 1205 4292 sunt·

159 4335 261 4412 enirn,
286 4344 396 4417 operta
411 4355 480 4416 quaa
494 4331 622 4393 lucrant
636 4327 745 4410 prius,
766 4328 897 4388 detectae
912 4326 1059 4406 fraudes,
1078 4329 1199 4411 proditi

158 4438 244 4516 doh,
279 4434 439 4519 praestigia
466 4442 587 4515 patent.
637 4431 690 4493 Sic
717 4427 889 4512 aliquando
917 4429 1107 4511 religionem
1127 4452 1200 4503 cor·
