2618 5108
156 828 224 911 128
418 894 420 899 .
483 825 654 901 Monitor
694 821 845 924 primus.

150 1039 212 1102 pro
241 1040 277 1084 se
301 1027 404 1082 autem
426 1028 556 1082 utantur
579 1017 766 1082 necessariis
791 1031 928 1095 tantum,
956 1021 1033 1083 citra
1052 1019 1179 1097 fastum,

149 1123 226 1183 citra
257 1105 421 1202 pompam,
454 1119 589 1182 maxime
617 1128 721 1181 autern
759 1120 835 1182 citra
865 1122 995 1183 alienam
1020 1119 1180 1198 iujuriam.

150 1204 340 1300 Prodigium
371 1231 419 1281 est
449 1230 552 1282 autem
586 1217 800 1283 Christianum
837 1221 1033 1303 Episcopum
1071 1223 1178 1284 studio

149 1321 292 1403 pecuniae
311 1318 430 1398 teneri,
451 1341 586 1403 eamque
602 1341 714 1408 rapere
735 1343 794 1403 per
810 1321 976 1400 injuriam,
1004 1324 1179 1405 prodigere

149 1419 184 1484 in
204 1423 299 1498 luxu,
329 1441 426 1505 quem
452 1421 573 1505 alioqui
598 1442 704 1506 neque
730 1422 896 1502 superbire
926 1424 1036 1497 decet,
1069 1445 1179 1506 neque

149 1522 305 1604 voluptati
321 1522 406 1604 apud
424 1543 459 1584 se
481 1524 587 1585 locum
608 1521 726 1585 facere.
765 1524 880 1606 Neque
896 1524 998 1586 carnis
1021 1525 1179 1586 desideria

148 1626 320 1708 perlicere,
359 1644 467 1706 neque
497 1625 608 1686 mundi
646 1624 799 1686 illecebris
828 1624 1036 1704 praepeditum
1062 1625 1177 1688 teneri.

149 1729 276 1808 Quanto
289 1723 392 1787 minus
409 1745 517 1805 pacem
530 1724 676 1800 turbare,
689 1723 769 1786 bella
784 1744 913 1805 gerere,
926 1725 1042 1786 cedem
1057 1723 1176 1801 lacere,

147 1838 202 1891 aut
226 1825 319 1889 cedis
349 1835 494 1887 autorem
529 1846 670 1908 unquam
705 1824 792 1899 fieri,
834 1824 898 1886 imo
924 1846 992 1887 non
1021 1825 1177 1888 obsistere

146 1945 411 2011 usquequan
441 1924 626 2005 discordiis,
660 1924 886 2009 seditionibus,
917 1925 1023 2002 bellis,
1061 1937 1093 1989 et
1118 1947 1176 1989 cae·

145 2028 252 2092 dibus.

558 2143 755 2208 Monitor.

220 2245 285 2309 Sed
303 2243 487 2323 hujusmodi
506 2244 741 2329 Episcoporum
762 2245 896 2329 pudebit
911 2245 961 2309 hic
978 2266 1040 2309 me.

547 2359 770 2426 Lutherus.

218 2463 295 2526 Non
324 2462 473 2547 pudebit,
506 2475 543 2526 ut
571 2464 708 2546 primum
737 2463 931 2528 adsueveris.
984 2461 1172 2546 Cognosces

142 2562 228 2628 enim
246 2585 396 2646 magnum
418 2563 500 2628 inter
518 2565 595 2628 istos
617 2565 727 2629 mundi
751 2564 926 2648 principes,
951 2576 984 2627 et
1001 2563 1175 2630 Christiani

141 2666 250 2751 gregis
267 2678 410 2747 pastores
437 2664 607 2730 discrimen
627 2666 845 2744 intercedere,
877 2677 910 2728 et
934 2678 1089 2750 utrosque
1111 2687 1172 2731 suo

140 2767 214 2831 loeo
224 2813 234 2847 ‚
253 2779 353 2852 utque
369 2768 594 2865 merebuntur,
617 2769 714 2830 coles.

557 2885 752 2949 Monitor.

218 2987 372 3070 Magnam
391 3005 502 3049 rerum
526 2985 793 3066 permutationem
816 2984 989 3068 proponis,
1023 2996 1057 3049 et
1077 2984 1171 3068 cujus

138 3106 285 3169 capacem
304 3107 393 3162 esse.
422 3084 623 3151 Germaniam
640 3107 706 3149 non
728 3086 837 3151 credo.
890 3156 896 3162 ,

543 3204 764 3267 Lutherus.

161 3323 164 3327 ·
214 3306 297 3368 'ram
315 3315 381 3382 est,
406 3326 501 3391 quam
525 3304 633 3368 salutis
657 3316 705 3366 est
722 3324 833 3386 capax.

556 3412 746 3475 Monitor.

214 3518 269 3581 Tu
288 3527 394 3580 tamen
411 3515 473 3577 hoc
489 3514 566 3577 scies
585 3524 765 3576 secuturum
788 3533 857 3590 me,
889 3510 979 3596 quod
993 3508 1091 3574 tutius
1110 3520 1168 3574 est.

542 3622 766 3687 Lutherus.

158 3741 162 3748 ·
214 3728 315 3809 Quale
333 3721 454 3788 idest?

552 3833 748 3895 Monitor.

211 3931 407 4013 Huiusmodi
432 3931 629 4015 Christianus
649 3945 685 3997 tu
707 3954 754 3996 es.

541 4045 759 4107 Lutherus.

212 4147 317 4208 Etiam
342 4142 504 4226 iactanter.
550 4147 631 4208 llam
652 4148 731 4210 hanc
749 4146 849 4208 solam
873 4155 906 4210 et
926 4163 1035 4208 veram
1055 4140 1166 4224 judico

133 4246 274 4336 'gloriam
293 4265 406 4309 meam.
530 4263 532 4266 ⁴

555 4354 754 4419 Monitor.

211 4458 317 4523 Etiam
341 4456 496 4520 Pontifex
518 4458 686 4530 Romanus
717 4470 787 4548 est.¹
821 4456 997 4520 Profitetur
1024 4452 1110 4515 enim
1131 4464 1168 4515 ut
