2618 5108
201 815 279 907 tad,
369 811 445 884 Ulr.
473 811 520 884 ab
547 811 688 901 Hntten
714 833 799 883 cnm
821 809 976 885 Erasmo
1002 809 1087 882 Ros

203 1002 243 1088 ip
265 1005 386 1079 tuendo
411 1002 579 1086 Capnione
606 1001 801 1065 industriam.
850 1001 933 1063 Illud
960 1001 1044 1062 enim
1073 998 1228 1080 judiciam

204 1124 278 1170 cum
295 1104 492 1187 peregisset,
521 1115 587 1166 tum
619 1115 651 1166 te
681 1102 810 1182 parabat
838 1102 999 1173 invadere.
1051 1102 1128 1179 Oine
1158 1120 1227 1173 res,

202 1229 279 1273 eum
298 1219 374 1269 tunc
393 1206 427 1268 in
448 1205 588 1268 omnium
610 1226 667 1267 ore
696 1214 793 1277 esset,
829 1225 921 1284 qnam
941 1202 1032 1265 lacile
1050 1201 1128 1263 oriri
1147 1201 1229 1262 lama

203 1308 326 1403 potnit,
346 1307 489 1370 effecisse
508 1307 571 1387 jam
590 1307 692 1378 illum,
713 1306 801 1387 quod
823 1303 1017 1366 destinarat?
1038 1304 1127 1362 llanc
1148 1321 1227 1362 vero

204 1429 264 1489 nos
284 1409 410 1484 tandem
429 1409 572 1488 fingere,
593 1406 671 1489 quid
690 1403 862 1466 attinebat?
881 1415 915 1464 ut
935 1424 984 1464 me
1003 1403 1037 1463 in
1057 1403 1228 1463 Hochstra-

204 1519 294 1589 tum,
313 1506 438 1591 inquis,
458 1507 668 1569 concitaretis.
706 1508 749 1568 At
769 1517 843 1566 tunc
863 1504 1020 1565 neminem
1045 1501 1229 1582 putabamus

205 1609 396 1678 concitatum
415 1607 532 1690 magis,
557 1607 666 1689 illique
683 1606 781 1682 magis
796 1605 964 1667 insensum.
1004 1605 1067 1666 Sed
1083 1615 1118 1664 ut
1133 1603 1231 1664 luerit

208 1709 270 1771 boc
289 1708 383 1770 nobis
403 1706 626 1790 propositum,
653 1707 839 1768 lucrifacere
859 1719 905 1781 te,
938 1727 974 1767 ac
992 1706 1024 1766 in
1046 1716 1149 1784 partes
1170 1715 1232 1764 tra·

205 1809 298 1882 bere,
321 1808 484 1890 quomodo
511 1809 568 1869 hac
590 1806 642 1868 via
662 1805 754 1869 lacilc
774 1807 995 1887 potuissemus,
1017 1827 1089 1866 cnm
1109 1816 1230 1867 certum

206 1907 336 1987 finisset,
356 1907 399 1969 nil
419 1907 480 1970 nisi
498 1906 626 1987 cognita
645 1926 680 1969 re
700 1928 777 1968 vera
796 1928 946 1968 ausurum
965 1917 995 1967 te
1014 1909 1065 1968 vel
1084 1907 1115 1967 in
1136 1906 1233 1980 illurn,

207 2010 260 2075 vel
277 2008 311 2070 in
331 2007 551 2090 quemqnam?
587 2007 656 2070 Nisi
675 2018 794 2069 tantum
814 2009 852 2068 ab
877 2007 1030 2069 Helvetiis
1051 2008 1137 2068 abest
1156 2009 1234 2067 Bra-

212 2109 333 2185 bantia,
369 2120 405 2170 ut
423 2109 655 2188 speraverimus
686 2118 753 2168 toto
775 2128 856 2168 anno
877 2129 942 2169 non
961 2109 1139 2168 habiturum
1159 2107 1235 2169 inde

208 2209 355 2277 nuntium
373 2219 415 2270 te.
451 2209 607 2290 Apagesis
627 2208 708 2269 hanc
727 2210 819 2270 alium
833 2208 865 2268 in
884 2209 993 2269 orbem
1006 2208 1235 2286 simplicitatem

155 2373 157 2376 ,
208 2319 304 2371 tuam.
344 2307 434 2369 Alios
454 2308 517 2369 sert
535 2329 640 2369 mores
662 2321 770 2370 nostra
793 2309 970 2369 Germania.
1022 2309 1105 2371 Olim
1126 2306 1236 2370 similis

213 2409 342 2489 cognita
362 2418 415 2469 tua
435 2409 522 2470 fraus
543 2419 607 2481 est,
633 2409 690 2468 sed
708 2409 740 2469 in
754 2410 962 2470 reverentiam
978 2409 1039 2483 tui,
1061 2408 1238 2469 eorrniven·
1291 2423 1292 2427 ’

211 2507 295 2569 tibus
316 2506 425 2582 nobis,
446 2507 534 2569 acin
555 2519 718 2586 posterum
738 2508 867 2570 meliora
886 2509 1083 2588 sperantibus
1104 2509 1178 2568 abiit
1198 2529 1239 2571 ea

211 2617 304 2684 tunc,
325 2607 433 2670 necin
450 2608 692 2689 postulationem
711 2621 807 2671 vemt.
835 2610 909 2671 Fuit
925 2621 1028 2671 autem
1041 2609 1237 2686 hujusmodi,

213 2730 286 2776 cum
306 2721 383 2779 natae
402 2721 509 2771 essent
528 2709 738 2771 obscurorum
759 2710 914 2789 epistolas,
942 2711 1074 2773 maxime
1097 2710 1239 2776 omnium

214 2810 363 2874 laudabas
402 2821 434 2872 et
481 2809 709 2890 applaudebas,
766 2811 870 2872 autori
909 2832 1010 2891 prope
1047 2813 1240 2890 triumphum

214 2910 430 2985 decernebas,
457 2909 595 2990 negabas
616 2929 754 2990 unquam
776 2911 1001 2992 excogitatam,
1033 2910 1241 2991 compendio-

218 3010 336 3074 siorcnt
355 3010 425 3071 illos
445 3009 619 3076 insectandi
638 3007 736 3082 viam,
756 3010 836 3070 harrc
855 3014 981 3074 demum
1002 3013 1149 3093 optimam
1169 3031 1241 3079 esse

218 3110 327 3180 initam
347 3110 519 3186 rationem,
549 3110 681 3171 barbare
700 3109 824 3173 ridendi
844 3113 1010 3186 barbaros;
1042 3114 1147 3194 itaque
1168 3132 1242 3193 gra-

219 3210 369 3273 tulabaris
381 3210 461 3272 hanc
473 3210 565 3273 nobis
582 3210 771 3272 felicitatem.
811 3215 936 3274 Etcum
956 3217 1096 3276 nondum
1116 3233 1242 3275 excusae

219 3321 328 3376 essent
348 3331 460 3391 nuga,
479 3321 534 3372 tua
551 3330 646 3380 manu
660 3314 811 3392 quasdam
831 3313 1047 3388 describebas‚
1069 3325 1103 3374 ut
1124 3313 1244 3375 amicu-

217 3413 257 3477 tis
278 3411 452 3494 (inquiens)
472 3411 549 3473 meis
569 3411 602 3472 in
621 3413 767 3489 Angliam
785 3425 817 3473 et
837 3415 949 3475 Gallias
973 3415 1100 3475 mittam.
1139 3414 1243 3476 Paulo

220 3524 294 3595 post
327 3532 400 3574 cum
429 3512 632 3573 vehementer
663 3525 850 3576 commotam
883 3536 1028 3577 cerneres
1063 3516 1245 3577 universam

223 3613 502 3694 'l'heologistarum
521 3613 751 3688 colluvionem,
779 3637 815 3674 ac
836 3614 942 3677 furere
964 3614 1084 3697 ubique
1104 3617 1244 3686 irritatos

221 3715 411 3790 crabrones,
431 3726 462 3776 et
474 3714 646 3794 perniciem
659 3716 826 3790 deminari,
844 3717 1001 3798 trepidare
1015 3739 1089 3778 mor
1107 3711 1249 3796 coepisti3'

224 3825 257 3879 et
276 3834 317 3876 ne
339 3836 401 3897 qna
426 3813 459 3875 in
480 3826 512 3876 te
537 3815 674 3895 suspicio
694 3818 783 3878 daret
801 3840 855 3892 se,
886 3821 974 3900 qnod
996 3823 1157 3879 velanter
1177 3819 1246 3896 ipse

223 3936 329 3989 esses,
349 3917 402 3976 vel
421 3915 583 3977 inventum
601 3928 688 3978 certe
709 3918 876 3995 probares,
910 3918 1062 4000 scripsisti
1082 3921 1248 3998 epistolam

222 4017 338 4078 eodem
358 4015 410 4077 illo
430 4016 568 4078 candore
599 4027 654 4077 tuo
676 4017 859 4093 Coloniam,
893 4043 955 4102 qna
976 4021 1104 4082 volebas
1125 4041 1247 4100 praeve·

164 4121 177 4137 '
223 4117 292 4181 nire
313 4120 442 4193 lamam,
478 4138 513 4178 ac
534 4117 663 4180 omnino
683 4140 746 4198 prae
768 4130 799 4179 te
820 4120 961 4196 serebas,
991 4123 1080 4204 quasi
1100 4121 1155 4204 qui
1178 4123 1248 4187 illo.-

223 4243 294 4286 rum
320 4221 444 4282 doleres
467 4218 586 4290 vicem,
617 4229 648 4278 et
667 4219 719 4281 cni
740 4221 831 4282 valde
850 4221 1029 4302 displiceret
1051 4244 1120 4297 res,
1149 4225 1247 4285 multa

223 4321 353 4385 interim
382 4329 414 4380 et
439 4317 473 4380 in
498 4318 600 4396 ipsum
627 4320 791 4401 negotium
811 4333 843 4381 et
869 4323 901 4382 in
922 4336 1048 4386 autores
1070 4325 1249 4404 increpans.

223 4424 297 4497 Hoc
315 4432 384 4484 tum
408 4417 541 4486 inimicis
569 4421 685 4483 nostris
719 4425 814 4487 telum
833 4424 928 4488 dabas
955 4440 1063 4491 contra
1082 4449 1141 4491 nos
1160 4448 1250 4493 acer·
