2618 5108
10 39 924 385 n

491 735 774 886 Expostulatioss
1063 793 1140 879 ²353

116 977 301 1056 ostentanti,
329 977 423 1041 facile
440 980 652 1055 concedere?
684 983 787 1069 Igitur
814 983 982 1060 concede,
1005 993 1041 1045 et
1057 981 1148 1066 qual

114 1083 279 1165 suscepisti
317 1085 500 1164 negotium,
534 1106 748 1169 prosequere,
795 1107 832 1149 ac
858 1084 985 1149 lortiter
1015 1084 1047 1146 in
1080 1100 1149 1153 rear

115 1185 281 1250 Pontificio
301 1207 380 1247 nava
401 1204 540 1264 operam.
580 1185 644 1248 Per
662 1209 712 1250 me
729 1187 804 1250 nihil
823 1186 934 1261 stabit,
956 1206 1023 1269 quo
1042 1185 1148 1251 uinus

116 1300 253 1369 coeptum
273 1306 421 1370 peragas,
452 1285 511 1348 nisi
532 1298 685 1369 quantum
704 1298 761 1351 tuo
781 1288 869 1351 bono
897 1289 1008 1351 vellem
1036 1303 1150 1368 super-

118 1390 232 1451 sedere
261 1389 308 1450 bis
329 1399 379 1463 te,
410 1398 442 1447 et
469 1409 510 1448 ex
530 1408 637 1452 amore
666 1390 828 1454 dehortor.
876 1390 928 1451 Tu
949 1409 1029 1452 vero
1049 1389 1150 1457 oblir·

119 1501 218 1552 matus
246 1491 349 1551 animo
376 1491 442 1572 agis
469 1500 565 1572 atque
592 1488 676 1563 ruis,
706 1511 742 1551 ac
761 1490 915 1554 hostiliter
934 1480 1040 1552 omnia
1059 1489 1149 1560 tacu.

121 1593 262 1672 Quoque
282 1590 380 1668 magis
401 1590 572 1672 lignilices‚
595 1589 674 1673 quid
697 1590 921 1672 proposueris,
941 1593 1010 1653 talis
1038 1590 1145 1668 subito

117 1693 246 1775 prodis,
289 1703 351 1754 tam
387 1690 564 1754 vehementi
601 1689 634 1752 in
671 1712 730 1753 nos
761 1692 863 1774 primo
895 1692 996 1755 statim
1027 1692 1149 1774 impetu

118 1793 322 1875 proveheris,
364 1805 399 1854 ut
428 1812 556 1858 ,omnem
588 1792 739 1872 praecidas
776 1792 869 1855 nobis
898 1792 1074 1856 reducendi
1102 1792 1149 1867 tui

118 1917 217 1976 spem.
273 1894 415 1956 Proinde
451 1895 540 1955 istam
579 1893 673 1973 imple
709 1886 963 1974 expectationem
995 1894 1147 1968 istorum,

119 2019 182 2080 qua
210 1997 265 2058 (liu
295 1995 357 2072 jam
393 1996 563 2056 voluerunt
600 1993 731 2077 aliquod
764 2015 833 2058 esse
862 2005 957 2075 caput
985 1995 1150 2059 veritatem

120 2097 384 2179 oppugnantium.
429 2096 625 2178 Accingere3
653 2094 716 2176 jam
747 2106 937 2159 maturares
958 2107 1021 2171 est;
1050 2094 1148 2179 digna
1259 2086 1263 2093 ’

120 2211 287 2263 senectute
309 2209 360 2259 tua
380 2198 560 2280 occupatio.
598 2198 747 2259 Extende
769 2195 870 2271 vires,
897 2217 933 2258 ac
953 2197 1032 2261 insta
1052 2216 1148 2269 cona-

120 2302 185 2376 tui,
206 2311 240 2361 ut
262 2299 294 2361 in
314 2299 398 2360 illum
419 2300 568 2363 ascendas
588 2297 783 2378 praecipitem
801 2299 923 2372 locum,
955 2298 1040 2360 unde
1060 2295 1150 2372 multi

121 2414 194 2464 ante
216 2412 247 2462 te
267 2400 463 2463 deciderunt.
502 2401 577 2463 Non
598 2398 796 2480 inpromptos
821 2397 918 2460 habes
938 2397 1151 2472 adversarior.

121 2505 171 2565 En
193 2512 337 2584 expectat
356 2501 489 2576 bellum,
519 2502 608 2583 quod
627 2499 787 2562 declinare
807 2520 872 2561 non
892 2509 998 2580 potest
1018 2497 1069 2570 illa
1090 2520 1150 2580 par

121 2618 153 2664 te
172 2603 242 2664 solo
274 2603 424 2684 aequantla
450 2603 711 2664 Lutheranorum
742 2600 851 2662 factio.
888 2599 1012 2683 Vigent
1042 2599 1147 2676 anitati,

120 2714 269 2785 certaque
291 2701 360 2764 lulti
380 2725 455 2784 spe,
489 2714 520 2763 et
555 2703 638 2786 acqui
658 2723 693 2764 ac
719 2699 844 2764 honesti
864 2699 1057 2764 conscientia
1075 2700 1152 2768 freti

120 2803 207 2879 nihil,
229 2824 422 2886 quocunque
436 2802 620 2879 vocaveris,
641 2802 870 2865 detrectabunt.
908 2801 1100 2883 Quinetiam
1115 2811 1152 2872 ut

123 2926 192 2988 quae
212 2903 328 2967 fiducia
346 2905 401 2979 sit,
441 2903 568 2986 videas,
600 2916 718 2987 quanto
750 2903 784 2965 in
809 2925 869 2967 nos
895 2903 999 2966 acrior
1018 2913 1150 2978 coorup

122 3005 238 3080 lucris,
260 3016 347 3066 tanto
366 3005 500 3085 accipies
514 3006 546 3067 in
562 3007 679 3067 tuenda
699 3003 839 3067 veritatis
855 3025 948 3067 causa
967 3002 1150 3080 alterium.

123 3109 164 3167 Et
184 3107 304 3168 scribes
324 3117 360 3167 tu
378 3107 508 3190 quidem
527 3108 622 3169 multa
642 3105 863 3180 (lisertissime3
882 3127 941 3168 nos
963 3105 1039 3168 nihil
1059 3126 1153 3168 accu-

125 3217 192 3267 rate
212 3209 411 3283 excolentes,
432 3208 522 3290 quod
542 3207 745 3270 scribendum
766 3207 841 3284 erit,
868 3205 932 3270 vita
952 3228 988 3268 ac
1006 3207 1150 3270 moribus

127 3326 187 3367 nos
208 3303 427 3386 probabimus,
459 3320 492 3371 et
511 3308 689 3371 animorum
719 3308 752 3370 in
779 3309 919 3371 veritatis
947 3308 1053 3371 studio
1074 3329 1152 3371 con·

127 3407 255 3481 stantia,
288 3407 383 3468 fidem
406 3408 499 3471 nobis
533 3410 618 3490 apud
645 3408 787 3472 homines
819 3409 982 3473 faciemus.
1034 3411 1151 3492 Neque

127 3508 324 3585 dubitamus,
358 3519 473 3571 tartum
503 3511 691 3573 obtenturos
719 3512 804 3573 nuda
830 3511 971 3574 veritatis
992 3509 1150 3585 oratione,

127 3622 280 3694 quantum
315 3622 351 3673 tu
377 3611 474 3691 possis
501 3610 587 3673 inani
614 3612 787 3675 verborum
813 3611 902 3673 luco.
952 3611 1092 3676 Abunde
1111 3609 1152 3673 ad

126 3711 298 3793 dicendum
343 3710 454 3777 viriam
486 3725 550 3788 est,
579 3712 647 3775 'ubi
685 3713 880 3777 conscientia
919 3734 985 3774 non
1017 3711 1150 3777 laborat.

128 3816 329 3896 Quamquam
350 3826 387 3875 ut
405 3814 489 3897 prius
510 3814 598 3890 dixi,
620 3835 693 3894 pars
714 3815 761 3878 tui
781 3837 799 3877 a
817 3813 910 3877 nobis
929 3813 1040 3889 stabit,
1060 3834 1097 3876 ac
1116 3813 1150 3876 in

126 3916 173 3980 his
208 3916 269 3978 erit
297 3914 410 3977 castris
461 3918 576 3999 Neque
605 3917 704 3998 magis
731 3916 898 3980 nobiscum
925 3917 985 3977 erit
1011 3916 1073 3978 hoc
1093 3913 1151 3978 tibi

125 4030 303 4093 certamen,
326 4036 506 4126 quangeum
525 4027 581 4081 tuo
602 4019 752 4101 ingenio,
779 4018 908 4100 tuisque
927 4016 1152 4081 monumentis·

126 4119 249 4184 Contra
270 4119 405 4197 teipsum
420 4115 557 4182 disertus
571 4121 652 4196 eris,
673 4131 705 4183 et
718 4119 750 4181 in
762 4119 922 4201 propriam
936 4117 1152 4201 eloquentiam
1232 4112 1235 4116 Α

127 4227 294 4306 eloquens.
335 4220 520 4284 Cottuuario
540 4222 602 4284 erit
620 4223 681 4284 tuis
703 4222 785 4284 inter
805 4241 840 4283 se
859 4218 1001 4302 scriptis,
1030 4230 1062 4281 et
1083 4241 1151 4281 rnu-

126 4336 180 4387 tua
210 4318 432 4406 reciprocatio.
473 4324 548 4403 Quo
576 4323 679 4389 minus
708 4344 823 4406 pergas
854 4320 969 4404 igitur,
991 4320 1150 4404 siquidem

127 4426 212 4490 aliud
231 4447 299 4489 non
319 4424 385 4501 vis,
406 4444 536 4508 pernes
555 4426 639 4488 haud
659 4425 761 4490 stabit.
800 4424 884 4489 Nihil
900 4422 951 4486 hio
963 4421 1149 4505 trepidatur.
