2618 5108
505 747 774 845 Expostulatio.
1087 756 1157 835 389

124 941 228 1024 proba
254 961 350 1005 causa
376 940 572 1004 abalienavit.
621 944 685 1006 Sed
702 944 842 1007 utnulla
862 945 927 1007 haec
947 942 1088 1029 suspicio
1107 945 1158 1023 sit,

125 1062 233 1127 neque
265 1053 297 1105 te
326 1041 380 1104 illo
413 1041 587 1106 abduxerit
618 1046 676 1107 tale
712 1044 902 1128 quicquam,
941 1048 1004 1109 hoc
1030 1047 1159 1110 tandem

126 1142 242 1206 iterum
256 1144 416 1226 responde
428 1143 520 1219 mihi,
541 1166 608 1227 quo
628 1146 799 1209 honestatis
820 1140 974 1229 pretextu
995 1166 1104 1228 speres
1124 1157 1156 1210 te

127 1255 388 1326 oppugnaturum
407 1264 460 1307 eas
482 1256 603 1327 partes,
628 1267 715 1329 -quas
745 1246 842 1322 sentis
869 1247 954 1332 ipse,
982 1249 1010 1312 si
1029 1246 1156 1312 devinci

127 1367 269 1429 unquam
295 1346 490 1430 contigerit,
527 1368 671 1429 magnam
710 1349 910 1431 Evangelicae
941 1349 1082 1414 veritatis
1119 1371 1156 1414 ac

126 1447 278 1508 libertatis
297 1447 419 1509 ruinam
439 1469 547 1511 secum
567 1448 798 1512 abstracturas?
820 1450 899 1512 Tam
914 1450 977 1514 levi
990 1460 1153 1516 moneato

129 1546 249 1611 Christi
271 1547 354 1610 inte
373 1549 451 1610 fides
471 1548 605 1621 residet,
639 1552 691 1610 vel
710 1550 791 1613 adeo
816 1549 970 1614 obsh'uate
990 1553 1154 1616 decretum

123 1647 183 1708 tibi
203 1659 268 1723 est,
293 1650 433 1711 secunda
462 1649 527 1711 istis
555 1650 645 1732 loqui
673 1660 705 1711 et
724 1651 882 1728 scribere,
912 1664 948 1716 ut
967 1654 1061 1716 etiam
1080 1673 1153 1718 cum

123 1748 165 1810 de
185 1750 362 1828 Evangelio
391 1751 548 1812 decedere
577 1751 695 1833 aliquid
723 1754 904 1833 oportebit,
935 1755 1020 1818 aliud
1049 1767 1154 1819 tamen

123 1850 231 1913 facere
262 1850 369 1912 nolis?
400 1852 444 1914 Ut
474 1873 515 1914 ne
542 1851 626 1913 istud
655 1855 745 1934 pensi
766 1854 896 1929 habeas,
932 1866 1053 1939 quanto
1081 1874 1154 1920 cum

123 1951 291 2030 drspendio
310 1950 400 2012 famae
419 1963 450 2014 et
470 1951 710 2015 existimationis
730 1965 789 2016 true
808 1956 842 2017 in
860 1957 986 2018 illorum
998 1968 1030 2021 te
1043 1958 1154 2041 digna·

122 2052 243 2114 tionem
262 2051 420 2130 insinues,
450 2077 522 2117 eum
541 2058 602 2118 hoe
624 2056 720 2118 aetatis
745 2077 803 2136 per
822 2077 926 2138 sequa,
954 2057 1152 2141 periniqua,

121 2152 413 2233 potentissimorum
433 2157 595 2219 bominum
611 2160 757 2220 favorem
773 2169 889 2239 captas.
927 2158 965 2220 ld
981 2158 1071 2242 quod
1087 2178 1151 2243 ego

121 2254 280 2316 facturum
300 2277 440 2338 unquam
456 2268 504 2332 te,
524 2247 565 2318 ne
582 2258 735 2341 suspicari
751 2259 881 2341 quidem
897 2280 992 2322 ausus
1008 2242 1153 2323 fuissem.

124 2357 210 2437 Quin
227 2356 320 2419 etiam
336 2355 546 2439 jurejurando
563 2380 623 2438 pro
640 2370 672 2421 te
690 2359 847 2444 obstringi
862 2380 927 2422 non
946 2359 1152 2438 dubitassent,

122 2479 306 2521 mansurum
337 2459 371 2520 in
401 2460 522 2536 officio,
556 2481 593 2521 ac
611 2461 686 2522 nihil
705 2459 846 2523 facturos
867 2483 939 2538 eos,
973 2462 1029 2544 qui
1053 2481 1153 2524 annos

121 2556 185 2639 jam
206 2560 275 2640 plus
297 2559 441 2642 quinque
462 2561 552 2624 nullis
573 2581 639 2623 non
658 2560 814 2623 illecebris
836 2563 955 2625 animos
975 2562 1152 2625 sollicitant.

122 2662 170 2723 Ita
200 2660 393 2723 obstinatum
427 2681 485 2742 pro
519 2662 652 2724 veritate
682 2661 814 2724 credidi.
854 2664 1053 2745 Quamquam
1084 2683 1152 2725 non

122 2764 247 2826 fallebat
263 2784 314 2826 me
330 2762 457 2825 interim
476 2765 538 2826 hoc
555 2783 662 2826 secum
682 2781 825 2844 coquere
838 2760 943 2842 ipsos,
962 2773 999 2824 ut
1020 2783 1039 2824 e
1057 2760 1152 2826 nohis

120 2863 274 2947 aliquem,
295 2862 462 2946 nostrique
481 2864 608 2944 generis
628 2873 847 2943 compararent
867 2863 942 2938 sibi,
963 2882 1030 2946 quo
1051 2862 1152 2925 veluti

122 2965 329 3046 antesignano
356 2975 467 3027 eontra
495 2985 554 3025 nos
585 2975 760 3027 uterentur.
811 2967 856 3028 At
880 2965 951 3048 quis
970 2973 1002 3025 te
1021 2962 1152 3045 potissi·

121 3087 208 3128 mum
228 3065 274 3126 ibi
291 3077 484 3128 mutaturum
512 3065 608 3128 fidem
628 3064 835 3128 credidisset?
863 3065 964 3147 Igitur
983 3084 1053 3126 mea
1070 3063 1150 3129 falsa

121 3177 170 3228 est
191 3165 320 3248 opinio,
340 3166 417 3230 falsa
437 3167 599 3231 bonorum
621 3168 783 3244 omnium,
812 3164 935 3231 illorum
954 3185 1034 3228 vero
1056 3166 1149 3229 mini·

121 3287 173 3329 me
203 3267 291 3329 irrita
317 3287 398 3348 spes.
447 3269 534 3349 Quid
560 3290 626 3332 non
654 3272 717 3333 hoc
741 3290 804 3352 ego
835 3269 1006 3332 exclamem
1031 3267 1147 3350 igitur:

124 3380 292 3452 Nusquam
308 3387 377 3435 tuta
388 3381 476 3450 fides
485 3385 522 3434 J?
559 3371 623 3452 Qui
650 3393 718 3435 eras
739 3370 872 3452 primum
902 3379 933 3432 et
959 3367 1029 3431 iere
1048 3365 1148 3429 invic-

119 3481 186 3532 tum
206 3470 341 3533 sanioris
363 3473 515 3536 doctrinae
534 3472 753 3547 seminarium,
782 3469 860 3532 utile
875 3467 980 3531 multis
1009 3488 1045 3529 ac
1064 3469 1147 3530 salu·

118 3582 204 3649 tare,
231 3594 305 3635 eum
333 3573 368 3636 in
393 3573 534 3637 veritatis
561 3573 791 3657 propagatione
826 3580 1020 3635 moratorem
1049 3563 1144 3631 nobis

119 3675 252 3756 opponi.
293 3677 399 3756 Quem
425 3674 607 3759 gaudebant
630 3674 774 3739 homines
794 3683 885 3754 caput
910 3693 980 3735 esse
1000 3680 1033 3731 et
1051 3669 1145 3733 Prin·

116 3775 221 3855 cipem
243 3777 467 3857 oppugnandis
495 3775 613 3840 Christi
642 3774 805 3852 hostibus,
834 3795 904 3838 eam
937 3783 1039 3836 totum
1071 3790 1142 3835 esse

108 3877 243 3939 illorum
266 3898 362 3939 nune.
410 3878 490 3959 Quis
515 3879 577 3942 hoc
604 3877 744 3959 portenti
762 3876 933 3957 suspicatus
953 3873 1028 3936 est?
1060 3871 1144 3936 Mihi

116 3990 203 4041 certe
235 3998 309 4039 raro
336 3979 400 4040 ulla
424 3998 476 4042 res
507 3981 553 4043 sic
578 3988 692 4061 praeter
711 3978 892 4059 opinionem
912 3975 1034 4038 accidit.
1073 3975 1144 4038 Jam

116 4081 215 4162 igitur
235 4102 318 4143 unus
339 4081 402 4143 eris
429 4090 483 4155 tu,
512 4101 608 4164 quern
637 4079 680 4142 illi
708 4078 893 4161 respicient,
927 4095 1032 4158 aquo
1052 4094 1143 4155 spem

115 4184 240 4245 trahent
256 4204 362 4258 suam,
382 4181 436 4244 cui
451 4183 558 4245 fidant.
599 4181 820 4265 Omnibusque
836 4178 925 4243 fessis
944 4189 976 4240 et
991 4180 1143 4257 languen-

116 4282 201 4346 tibus
214 4295 250 4347 tu
263 4283 439 4360 succurris,
460 4284 518 4368 qui
533 4283 654 4347 animos
668 4285 829 4360 intendas,
847 4283 993 4367 vigorem
1010 4277 1141 4344 excites.

116 4386 244 4473 Quippe
263 4386 348 4451 haud
372 4387 415 4451 ita
434 4392 533 4452 mutto
553 4396 625 4450 ante
646 4383 745 4464 jacuit
770 4405 838 4464 res,
872 4394 908 4448 tu
934 4382 968 4447 ia
994 4393 1139 4463 tempor·
