2618 5108
265 71 660 271 Ὑφ’-ι
701 232 720 244 “’
878 227 911 237 “

179 255 260 275 ’,κί’

472 811 673 890 Invectiva.
719 866 724 870 -
763 868 767 875 -
1032 818 1106 899 243

78 1008 208 1090 specula
227 1005 404 1080 arbitraris,
434 1019 472 1069 ut
497 1017 697 1087 compertum
714 1030 780 1074 non
795 1002 949 1088 'babeam
980 1008 1108 1096 qusa'tu

76 1109 163 1172 haud
189 1112 306 1173 multos
333 1119 405 1172 ante
426 1107 514 1184 dics,
543 1108 626 1189 apud
651 1130 733 1193 quos
756 1111 899 1176 immines
927 1131 1028 1174 causas
1048 1121 1110 1176 tue

76 1210 222 1295 praesidia
240 1205 438 1293 disposueris
446 1209 498 1285 ’)?
519 1230 613 1295 quam
629 1210 767 1274 ultimam
783 1211 917 1296 negotio
935 1210 1111 1292 huicspcn

79 1312 248 1378 statueris?
269 1312 333 1376 Sed
346 1331 387 1373 ne
415 1320 509 1394 putes
529 1332 596 1374 non
619 1313 736 1392 optimc
756 1332 940 1387 nossem,
962 1309 1112 1391 quicquid

81 1417 144 1489 est,
178 1413 432 1492 quandoquidem
451 1413 535 1475 haud
554 1410 638 1487 scio,
668 1434 710 1474 an
735 1413 879 1476 futurum
898 1434 1037 1493 unquam
1059 1410 1111 1490 sit,

81 1525 118 1577 ut
145 1534 251 1576 coram
277 1514 343 1574 hac
367 1515 498 1591 loquar,
534 1511 710 1576 describam
734 1513 797 1577 hic.
842 1512 895 1576 Sic
920 1515 1047 1576 locutus
1078 1532 1114 1576 es

81 1614 167 1697 npud
204 1615 307 1676 virum
341 1615 527 1690 honestum,
568 1635 634 1676 nou
669 1613 722 1679 cui
759 1626 795 1678 tu
828 1617 944 1680 fideres
973 1615 1113 1702 quidem,

82 1715 141 1780 scd
159 1735 197 1777 ea
219 1713 428 1790 confidentia,
449 1735 510 1794 qua
529 1712 710 1778 existimare
728 1719 831 1793 soles,
862 1717 1030 1782 cerebrum
1048 1737 1117 1780 non

84 1836 157 1880 csse
187 1813 371 1890 Germanis,
399 1834 504 1894 neque
523 1835 635 1878 sensus
657 1836 744 1892 esse,
787 1817 1027 1882 autrationcm.
1072 1817 1118 1882 Ut

82 1915 285 2001 'pontificium
317 1913 452 1996 (aiebas)
479 1915 644 1978 excutiatis
679 1916 792 1998 jugum
826 1917 920 1983 etiam
944 1918 1119 1996 Germani,

85 2037 175 2082 tuam
196 2014 399 2078 nihilominus
420 2015 602 2099 dignitatem
630 2027 661 2079 et
682 2038 817 2102 regnum
834 2018 980 2083 tuebitur
1003 2017 1118 2082 Ponti·

82 2121 156 2186 tex.
195 2119 238 2180 Et
262 2115 288 2178 si
307 2114 370 2194 jam
393 2137 433 2179 eo
451 2135 503 2179 rcs
516 2117 653 2179 deducta
672 2127 736 2193 est,
761 2129 798 2182 ut
816 2118 960 2184 futurum
980 2118 1037 2196 sit,
1059 2138 1117 2182 ve·

86 2217 160 2283 stris
183 2238 243 2280 ros
263 2217 333 2279 telis
362 2216 490 2279 confici.
528 2219 667 2280 Tantum
686 2217 771 2282 enim
797 2222 880 2283 ualet
900 2220 1032 2304 ingenio
1052 2218 1117 2297 itte,

18 2388 29 2398 ,⁴
85 2331 125 2384 ut
146 2333 270 2382 certum
287 2318 345 2393 sit,
372 2337 444 2381 cum
471 2317 607 2397 primum
624 2319 687 2381 hoc
707 2339 767 2381 vos
792 2319 861 2384 ausi
885 2320 1026 2399 fueritis,
1048 2320 1118 2385 cxi·-

39 2402 42 2409 ¹
84 2420 185 2485 tiabiii
198 2430 301 2482 vestra
313 2418 419 2494 clude,
440 2416 601 2501 expiatum
616 2416 657 2481 iri
670 2418 805 2484 facinus.
844 2422 945 2505 Quasi
952 2423 1003 2499 0⁰)
1018 2441 1119 2505 grave

14 2540 16 2544 ·
84 2522 234 2586 incusatis
259 2518 370 2601 jugum
397 2519 478 2598 hoc,
516 2518 603 2598 quod
630 2541 713 2595 non,
749 2519 811 2584 uisi
841 2523 939 2610 longe
960 2519 1119 2602 graviori,

85 2621 332 2687 commutabitis.
355 2623 457 2684 Ecce
481 2630 603 2694 autem,
634 2619 756 2683 divinas
776 2619 838 2701 jam
858 2620 893 2683 in
914 2621 1010 2685 vobis
1025 2621 1121 2685 uitio·

86 2730 164 2800 ires,
185 2733 302 2785 tantam
322 2743 454 2784 annonae
471 2722 701 2796 difficultatem,
725 2732 774 2783 tot
791 2743 948 2785 annorum
972 2720 1123 2805 pestilen7

84 2825 181 2902 tiam,
201 2825 376 2887 intestinam
388 2821 573 2904 Principum
587 2820 789 2886 discordiam.
827 2822 905 2884 Haec
920 2824 1063 2886 locutum
1076 2831 1121 2900 te,

87 2928 162 3015 quis
182 2926 216 2990 in
234 2928 314 2990 hanc
337 2927 514 3007 speculam,
545 2921 602 2985 uhi
630 2943 689 2987 vos
718 2920 827 3007 aliquo
855 2942 928 2987 cum
946 2933 1034 2986 metu
1053 2919 1122 2987 lati·

84 3038 157 3094 tare
190 3048 241 3092 me
271 3025 411 3108 jactatis,
447 3022 580 3088 retulit?
604 3023 685 3087 'Sed
705 3044 725 3085 o
746 3042 861 3086 vocem
884 3044 943 3104 per
974 3022 1129 3109 jugulum.

89 3128 193 3196 statim
224 3129 396 3192 redituram
417 3126 492 3202 tibi,
523 3125 550 3187 si
569 3145 603 3186 se
622 3145 709 3187 nunc
726 3122 850 3187 tandem
870 3136 1021 3208 agnoscat
1039 3125 1123 3188 Ger·

47 3311 50 3314 ξ
88 3230 214 3297 mania!
237 3231 290 3292 Tu
307 3226 420 3310 jugum
435 3247 505 3287 esse
519 3225 627 3288 fateris
644 3225 836 3287 Pontificum
851 3222 950 3306 jussa,
971 3236 1004 3288 et
1017 3244 1122 3308 regno

89 3330 275 3415 dignitatem
295 3328 379 3391 iliius
398 3326 535 3401 metiris,
563 3343 697 3407 eamque
715 3324 800 3387 iilum
823 3326 855 3387 vi
866 3369 875 3401 ,
896 3335 963 3387 arte
984 3340 1017 3387 et
1035 3326 1124 3408 inge·

92 3432 149 3497 irio
170 3448 374 3513 propugnare
393 3427 476 3492 haud
496 3447 607 3509 negas,
637 3437 669 3486 et
689 3423 937 3506 significationes
957 3425 1012 3487 das
1030 3423 1124 3489 nobis

90 3543 155 3597 tam
185 3531 385 3605 manifestas,
429 3528 628 3590 turbaturum
667 3527 755 3588 iilum
786 3524 1005 3600 Germaniam,
1039 3523 1124 3591 inter

92 3630 261 3714 Principes
288 3630 369 3693 bella
397 3627 625 3701 excitaturum,
656 3646 694 3687 ac
718 3636 835 3703 naturae
863 3624 969 3701 vices,
999 3644 1124 3705 poenum

94 3730 319 3814 interpretaris.
363 3731 439 3792 Hccc
457 3740 491 3790 tu
512 3727 606 3803 iacis,
628 3726 774 3811 inquam,
795 3739 948 3791 ettamen
967 3747 1124 3791 consecu-

93 3845 201 3899 turum
221 3845 252 3895 te
272 3833 323 3895 hic
344 3840 461 3896 Leonis
478 3838 520 3893 X.
539 3828 667 3891 nomine
688 3848 757 3910 quaa
778 3825 859 3908 petis
879 3848 1005 3906 speras,
1027 3839 1125 3912 atque
1216 3870 1218 3881 .

97 3936 182 4018 apud
202 3935 287 3998 ilium
307 3932 387 3995 inire
404 3929 558 4012 gratian?
578 3927 796 4010 Stupidissime
810 3927 966 4003 omniunt,
987 3925 1045 4010 qui
1062 3928 1126 3993 hon

96 4047 169 4100 ante
202 4045 233 4097 te
261 4055 375 4097 munus
396 4032 561 4105 obierunt,
594 4051 662 4092 nnn
680 4029 793 4105 vides,
822 4039 975 4112 quantum
1001 4027 1126 4109 possint

96 4139 163 4202 haec
194 4133 312 4197 morari
333 4131 390 4194 te?
422 4142 574 4214 quantum
603 4129 757 4210 impedire
785 4149 909 4192 causam
928 4128 1036 4191 tuam?
1065 4128 1125 4191 tibi

98 4237 209 4303 odium
230 4231 413 4297 concitare?
431 4253 575 4314 magnam
588 4229 764 4294 rationibus
785 4227 848 4292 tuis
861 4228 1124 4295 disturbationem

104 4384 331 4403 ’m'

134 4444 164 4514 ⁸)
181 4455 358 4509 nunonem.-
374 4449 512 4504 jactaverit
584 4437 632 4506 “)
651 4447 747 4510 euasi:
765 4445 803 4492 nt
