2618 5108
143 793 220 871 ddd
488 791 653 895 Spongia
675 793 819 871 Erasmi

143 984 199 1062 lia,
231 1007 301 1070 qtae
320 986 389 1050 sine
407 988 542 1051 tumultu
562 987 760 1070 prospiciant
770 987 968 1071 Evangelicsc
987 984 1114 1050 veritati
1135 992 1174 1047 et

144 1087 253 1168 glorie
273 1086 402 1150 Christi.
448 1090 571 1153 Bellum
592 1110 672 1151 vero
693 1100 758 1165 est,
790 1090 880 1172 quod
898 1088 973 1151 dum
991 1089 1099 1151 studet
1117 1087 1173 1155 vi'«.

142 1187 212 1252 deri
231 1189 383 1264 festivus,
409 1188 452 1250 ait
469 1190 545 1256 tnihi
564 1210 623 1251 ceu
646 1186 773 1269 Caiphae
792 1209 903 1251 verum
922 1188 1078 1251 excidisse
1096 1188 1166 1251 ‹lie-

140 1299 225 1362 tum‚
260 1292 472 1352 Lutherauam
491 1290 664 1354 doctrinam
684 1297 779 1349 totam
807 1289 941 1369 opprimi
970 1310 1035 1351 non
1057 1308 1164 1369 posse,

142 1390 203 1452 nisi
230 1389 320 1453 simui
346 1401 474 1457 corruat
499 1391 584 1452 bona
611 1410 682 1470 pars
702 1389 900 1471 Evangelicae
920 1388 1106 1451 sinceritatis
1126 1408 1163 1451 ac

143 1490 274 1569 publice
290 1491 457 1567 libertatis,
480 1492 570 1573 quasi
586 1511 652 1551 non
671 1488 752 1551 idem
770 1510 896 1568 semper
912 1489 1163 1553 constantissime

142 1600 208 1651 turn
228 1590 336 1666 dictis,
356 1603 422 1652 tum
443 1591 565 1670 scriptis
585 1590 644 1652 sim
663 1600 802 1651 testatus.
839 1589 880 1649 Et
896 1590 957 1649 hoc
974 1610 1024 1650 me
1040 1589 1163 1652 discru-

30 1694 35 1701 ’
141 1688 218 1765 ciat,
233 1690 309 1753 istos
324 1691 369 1752 sic
385 1710 509 1753 causam
525 1711 637 1772 agere,
660 1688 749 1771 quasi
763 1688 881 1761 servari
896 1688 1005 1762 nolint,
1027 1689 1160 1764 tametsi,

142 1790 168 1855 si
197 1791 274 1870 quid
304 1801 389 1852 recte
413 1792 508 1852 docet
537 1791 713 1864 Lutherus,
752 1808 818 1849 non
845 1799 891 1850 est
922 1789 1074 1863 Lutheri,
1104 1790 1163 1853 sed

142 1889 270 1954 Christi.
311 1890 378 1953 Jam
397 1893 515 1974 fingat,
542 1911 592 1953 me
612 1888 751 1952 scribere
775 1899 884 1949 contra
906 1889 1099 1964 Lutherunr,
1121 1910 1162 1955 an

139 1989 209 2071 ejus
240 1989 287 2053 rei
314 1989 363 2070 jus
396 2012 463 2052 non
490 1988 550 2051 erit
577 1990 625 2065 ei,
661 1988 717 2070 qui
744 2008 813 2050 curn
834 1988 978 2050 Lutlrero
999 2012 1162 2072 nunquam

139 2091 284 2154 babuerit
314 2091 433 2167 foedus,
461 2101 494 2151 et
523 2110 588 2172 quo
620 2090 804 2162 dehortante
833 2109 899 2149 rem
926 2100 958 2151 et
986 2093 1097 2169 coepit,
1130 2101 1163 2153 et

139 2193 304 2273 bucusque
335 2189 511 2270 provexit?
548 2189 680 2271 Fingat,
707 2208 757 2249 me
777 2186 867 2249 initio
887 2186 985 2251 luisse
1012 2191 1159 2252 Luthero

141 2291 315 2364 fautorem,
336 2311 376 2350 an
395 2290 469 2351 ideo
489 2300 582 2351 erunt
604 2288 678 2350 mibi
698 2287 861 2367 probanda
875 2290 978 2350 omnia
996 2312 1065 2371 quae
1081 2290 1162 2354 scri·

140 2390 207 2465 bit,
235 2389 309 2472 quia
340 2390 525 2468 placuerunt
553 2388 706 2449 exordia?
738 2387 823 2465 Quid
847 2388 875 2450 si
892 2390 1052 2453 Lutherus
1072 2401 1162 2471 post-

139 2493 197 2553 bac
217 2490 330 2552 scribat
351 2490 503 2551 adversus
522 2489 668 2550 articulos
692 2488 791 2550 fidei?
834 2510 872 2549 an
893 2491 1051 2553 Hutterrus
1071 2505 1161 2555 veta-

139 2591 187 2654 bit
206 2592 355 2652 adversus
379 2610 450 2653 curn
470 2589 633 2652 scribere?
665 2589 733 2651 Cur
752 2602 854 2652 autem
876 2593 1034 2654 Huttenus
1053 2613 1160 2676 usque

139 2694 222 2756 adeo
242 2692 356 2754 lerocit
373 2691 524 2752 adversus
539 2710 611 2765 eos,
632 2690 687 2771 qui
707 2691 848 2752 scribunt
866 2693 1017 2753 adversus
1037 2695 1161 2757 Luthe-

140 2815 229 2869 rum,
249 2813 321 2854 curn
341 2790 416 2852 nihil
435 2791 557 2853 intersit
575 2791 657 2852 inter
672 2791 880 2868 disputantem
896 2803 928 2853 et
943 2793 1159 2859 scribentem?

139 2896 298 2956 Lutherus
320 2893 359 2955 ad
378 2890 620 2971 disputationem
639 2891 732 2952 ctiam
751 2902 927 2970 provocan-
963 2893 996 2953 Si
1015 2895 1163 2959 doctrina

139 2994 221 3056 illius
248 2995 370 3055 sincera
399 3002 465 3068 cst,
502 3013 559 3073 pcr
589 2990 887 3067 contradictionem,
918 2996 1005 3055 velut
1045 3017 1161 3061 aurum

141 3094 215 3175 igne
236 3104 425 3173 purgatum,
460 3092 559 3170 magis
579 3093 744 3153 elucescet.
788 3091 842 3152 Sin
875 3092 951 3154 laisa
982 3105 1050 3171 cst,
1070 3108 1161 3159 recte

140 3193 342 3273 impugnatur
361 3191 400 3252 ab
424 3192 580 3253 omuibus.
630 3191 685 3253 Sin
705 3192 845 3276 quaedam
864 3192 957 3254 habet
976 3194 1053 3257 laisa
1073 3197 1160 3260 veris

142 3292 277 3356 admixta
307 3303 506 3371 repurgatus.
558 3294 610 3354 An
643 3293 787 3371 protinus
824 3294 1012 3356 subvertero
1055 3307 1160 3362 totum

141 3392 367 3475 Evarrgclium,
388 3393 414 3453 si
429 3401 497 3452 ctam
510 3392 654 3453 Lutltero
669 3391 840 3470 disputem,
861 3415 901 3453 an
920 3395 1050 3475 quilibet
1065 3397 1160 3460 Cirri-

141 3494 258 3560 stianns
287 3494 328 3555 sit
354 3494 518 3566 sacerdos,
553 3513 592 3551 an
622 3491 724 3553 omnia
760 3505 937 3556 sanctorum
965 3517 1064 3574 ,opera
1095 3500 1159 3562 sint

140 3593 293 3678 peccata?
332 3595 493 3654 Lutherus
520 3593 587 3673 ipse
608 3614 673 3653 non
698 3593 843 3655 formidat
865 3615 983 3671 mcum,
1012 3597 1072 3659 imo
1097 3621 1159 3662 nec

139 3699 323 3779 cujusquam
344 3697 506 3768 assultum,
534 3696 589 3755 sed
607 3693 683 3754 forti
697 3693 798 3753 auimo
817 3707 961 3774 expectat
980 3699 1155 3777 Erasmum,

139 3796 164 3860 si
182 3799 322 3876 prodeat.
355 3795 439 3874 Quid
459 3794 554 3874 igitur
570 3796 771 3855 tumultuatur
790 3794 959 3871 Huttcnns‚
980 3811 1157 3878 suspectam

139 3896 262 3959 iuterim
288 3896 423 3956 reddens
450 3894 582 3955 Lutheri
613 3893 804 3967 doctrinam,
838 3917 931 3975 quam
962 3898 1003 3957 ita
1029 3900 1156 3965 (lenium

138 3997 245 4057 credat
276 3995 345 4056 sore
366 3994 522 4067 stabilem,
550 3992 576 4055 si
597 4015 688 4054 tremo
709 3993 895 4056 labefactet?
928 3999 1003 4057 Hae
1022 4001 1153 4081 loquor,

138 4119 204 4159 non
223 4097 310 4177 quod
325 4095 395 4156 milri
407 4094 446 4155 sit
465 4093 583 4156 animus
598 4095 748 4173 congredi
761 4116 828 4154 curn
844 4097 1002 4175 Lutlrero,
1024 4103 1049 4161 si
1065 4105 1155 4166 liccat

138 4197 381 4278 conquiescere,
419 4196 475 4256 sed
509 4208 544 4256 ut
571 4192 703 4256 Huttcni
737 4195 895 4259 calumniis
935 4205 1154 4280 respondeam.

138 4304 210 4381 Ego
231 4300 460 4368 Vertumnum,
488 4298 640 4358 Proteum
662 4317 698 4355 ac
718 4296 872 4374 Polypum
894 4299 961 4377 egi,
990 4316 1099 4363 rncnrct
1120 4307 1178 4368 iu¹

141 4397 244 4463 omnia
262 4405 403 4470 vertens,
423 4395 499 4458 nihii
517 4418 583 4458 uon
602 4408 633 4457 et
656 4395 790 4468 faciens,
811 4408 843 4457 et
862 4400 997 4478 paticus,
1018 4424 1058 4464 uc
1080 4427 1153 4483 per-
