2618 5108
869 50 874 65 S

309 106 781 303 ‚0⁴*·”-1=—-‘¹
823 268 841 279 ο

301 412 304 419 ι

523 805 711 906 Dialogus.
1053 808 1123 880 123

39 4178 54 4222 Ι

100 994 190 1069 mihi,
219 997 272 1057 vel
290 995 351 1061 hoc
368 999 473 1061 Leoni
493 1019 575 1076 cursa
595 1009 663 1076 est,
691 1019 750 1081 pro
781 1021 880 1083 grege
906 1011 942 1062 ut
961 996 1124 1062 excribet?

99 1107 132 1157 et
150 1095 285 1164 assiduis
306 1099 454 1179 precibus
474 1101 559 1183 apud
578 1101 684 1164 Deum
702 1101 869 1165 intercedit
892 1121 951 1181 pro
971 1097 1125 1166 ecclesii?

510 1208 711 1273 Monitor.

175 1305 427 1389 Vigilantissime
447 1311 571 1385 studet,
592 1308 713 1392 nequid
732 1330 795 1372 suae
815 1310 942 1383 Rornae,
961 1318 994 1369 et
1012 1319 1125 1371 sanctas

99 1406 143 1471 issi
156 1407 253 1470 curiae
272 1409 362 1472 desit.
400 1412 473 1473 Hoc
488 1410 572 1474 enim
583 1408 728 1491 proxime
743 1411 829 1472 illum
847 1408 988 1491 attingit;
1007 1409 1124 1471 deinde

100 1529 171 1590 que
193 1507 293 1588 ipsius
313 1521 362 1572 est
380 1509 523 1585 bonitas,
555 1510 627 1574 orbi
652 1531 784 1595 quoquc
815 1511 994 1572 consultum
1018 1511 1124 1572 vellet·

100 1610 181 1671 Orat
200 1620 305 1672 autern
324 1622 435 1673 noctes
455 1610 517 1691 jam
537 1627 632 1694 atque
654 1611 738 1686 dics,
766 1627 801 1673 ut
820 1623 873 1687 tu,
901 1609 957 1693 qui
975 1609 1125 1692 tranquil·

97 1728 166 1794 prum
183 1709 245 1792 ipsi
265 1710 366 1786 ovile,
386 1711 509 1794 quietas
530 1714 643 1788 caulas,
664 1715 797 1774 tumultu
818 1722 850 1772 et
867 1709 1023 1773 seditione
1041 1728 1126 1769 com·

97 1814 249 1888 moveas,
269 1821 302 1873 et
320 1811 504 1899 perturbes,
528 1813 673 1878 emedio
692 1811 809 1880 talaris
829 1821 959 1898 repente
989 1820 1020 1879 et
1049 1809 1126 1879 abo·

97 1910 203 1980 leeris.

504 2009 725 2072 Lutherus.

176 2107 292 2189 Neque
318 2117 406 2169 recte
424 2106 552 2189 vigilat,
584 2130 691 2192 neque
709 2108 743 2170 id
764 2107 854 2191 quod
872 2107 965 2189 petit,
986 2125 1127 2188 unquam

96 2207 289 2285 impetrabit.
328 2208 409 2269 Nam
435 2218 467 2268 et
487 2205 741 2271 Christianorum
768 2209 905 2270 omnium
924 2206 1128 2270 commodum

98 2328 159 2368 suo
177 2306 329 2387 preferre
348 2307 460 2383 debet,
487 2329 594 2391 neque
614 2320 675 2371 tam
696 2308 864 2373 oscitanter
884 2308 1004 2390 populo
1019 2304 1128 2371 Chris-

97 2408 186 2469 tiano
206 2407 290 2470 bene
308 2408 448 2489 precari,
470 2418 500 2471 et
520 2408 651 2491 impium
670 2421 733 2488 est,
754 2431 790 2474 ac
810 2433 828 2473 a
848 2409 964 2473 Christi
980 2407 1128 2471 institutis

97 2509 190 2570 valde
212 2509 365 2585 alienum,
398 2510 479 2589 velle
499 2509 635 2572 bominis
655 2493 765 2585 etiam,
786 2510 842 2595 qui
862 2512 940 2574 male
959 2520 1129 2585 mereatur,

95 2609 282 2686 interitum,
314 2610 405 2692 quod
439 2630 499 2689 pro
530 2611 789 2690 persecutoribus
828 2632 960 2694 quoque
989 2610 1129 2673 oraverit

96 2710 184 2792 ipse,
216 2721 248 2772 et
274 2731 366 2773 orare
394 2730 454 2771 nos
488 2700 628 2788 jusserit.
683 2715 789 2795 Quare
818 2711 965 2774 omnibus
990 2711 1038 2777 his
1066 2711 1127 2773 rite

96 2810 264 2891 appensis,
299 2821 330 2873 et
361 2811 515 2875 aestimatis
535 2812 612 2877 illud
632 2813 758 2877 tandem
777 2824 896 2889 statue,
925 2823 959 2875 ut
979 2823 1032 2876 aut
1051 2824 1128 2873 tunc

95 2912 227 2974 demum
260 2911 370 2973 credas
403 2912 546 2994 accipere
576 2912 744 2977 aChristo
763 2913 953 2991 Pontificem
971 2932 1024 2987 ea,
1058 2932 1128 2994 quas

97 3031 289 3096 persuasus,
319 3008 382 3092 jam
401 3012 505 3085 statim
524 3011 567 3080 illi
593 3014 723 3091 tribuis,
753 3035 824 3077 cum
844 3014 938 3076 tertio
958 3023 994 3077 ut
1012 3011 1128 3076 Petrus

94 3124 253 3198 rogatus,
272 3112 427 3177 sinceram
446 3124 478 3175 et
498 3114 669 3193 perfectam
682 3115 744 3178 Dei
764 3115 966 3183 dilectionem
982 3107 1128 3196 profiteri

95 3223 193 3279 ausus
212 3215 329 3290 fuerit,
350 3226 404 3277 aut
422 3214 605 3297 longissime
626 3217 665 3279 ab
685 3217 741 3279 hac
760 3216 906 3279 facultate
927 3235 1017 3291 esse,
1036 3212 1129 3293 cujus

94 3317 161 3378 vita
183 3337 254 3379 cum
268 3317 500 3397 Apostolorum
518 3318 658 3381 moribus
672 3329 704 3389 et
716 3316 959 3392 conversatione
971 3337 1038 3382 non
1053 3334 1130 3378 cou-

95 3420 204 3495 venit,
222 3417 333 3488 ducas.

517 3510 717 3576 Monitor.

171 3614 247 3677 Non
268 3623 300 3676 te
319 3614 428 3694 capio3
461 3622 525 3677 tam
544 3623 617 3680 sunt
636 3627 749 3697 preter
772 3613 974 3702 opinionem,
1005 3625 1075 3693 quse
1095 3607 1128 3671 in

98 3713 376 3786 medium'adfsrs.

505 3808 725 3874 Lutherus.

173 3906 219 3978 At
236 3907 363 3993 capies,
382 3908 410 3973 si
429 3890 540 3973 audire
559 3911 660 3970 voles.

514 4017 708 4080 Monitor.

159 4120 216 4183 'At
246 4118 399 4202 quiddam
427 4118 544 4196 timeo,
575 4118 664 4201 q'uod
690 4116 835 4179 futurum
863 4113 950 4187 selo,
980 4122 1017 4173 ut
1044 4111 1072 4173 si
1097 4119 1130 4172 te

91 4221 196 4304 mgis
215 4219 357 4296 'audinum
380 4219 480 4303 magis
500 4218 533 4282 in
552 4239 699 4283 errorem
718 4239 768 4281 me
787 4214 990 4303 precipitem.

509 4321 726 4383 Lutherus.

170 4423 224 4486 Ab
234 4441 302 4485 non
313 4440 468 4499 errorem,
486 4421 670 4486 adsalutem
684 4417 845 4496 ducitvia,
866 4438 930 4501 que
941 4414 1000 4478 t'tbi
1013 4430 1129 4494 praeeo.
