2618 5108
68 1427 318 1503 illustrissimo
342 1423 506 1521 Principi
533 1417 764 1498 ac'Domino
782 1422 944 1502 Domino
969 1423 1101 1503 Joann-

121 1567 289 1648 Palatino
314 1563 452 1655 Rheni,
486 1561 657 1636 Bavariae
682 1561 778 1636 Duci
804 1573 842 1633 et
868 1561 1058 1660 Spanhey-

432 1703 549 1775 mensi
589 1699 733 1786 Comitj.

70 2114 201 2229 Nuper
219 2166 319 2228 quum
339 2145 516 2228 aperuisses
536 2154 569 2205 te
588 2141 683 2217 mihi,
714 2143 867 2226 Princeps
889 2141 1105 2220 illustrissime,

72 2250 168 2313 etde
188 2268 282 2309 causa
301 2234 433 2331 publice
453 2243 603 2308 libertatis
634 2244 712 2328 quid
732 2245 863 2318 sentias,
900 2244 1104 2321 ostendisses,

73 2347 274 2431 efflagitasti,
294 2349 322 2410 si
341 2347 420 2430 quid
440 2343 597 2408 liberioris
617 2345 724 2425 scripti
738 2345 768 2407 iu
784 2348 885 2408 iucem
900 2357 1013 2425 postea
1029 2345 1104 2408 ede·

73 2471 162 2525 rem,
194 2460 230 2511 ut
251 2446 321 2530 ejus
342 2448 480 2510 facerem
500 2456 531 2507 te
552 2429 647 2528 duam
667 2448 802 2527 primum
829 2448 1033 2530 participem
1059 2447 1106 2510 ia·

72 2550 135 2612 cite
166 2547 348 2630 impetrasti.
397 2550 478 2611 Nam
505 2545 557 2611 eui
586 2547 721 2629 legenda
746 2550 815 2610 mea
838 2547 956 2612 rectius
975 2549 1105 2624 misero,

73 2672 171 2735 quarn
192 2649 238 2724 ei,
260 2648 318 2732 qui
336 2660 369 2710 et
387 2670 459 2711 cum
479 2647 601 2728 judicio
622 2651 723 2730 leget,
752 2660 784 2709 et
802 2650 920 2730 scripta
942 2649 1026 2712 tueri
1046 2672 1106 2732 po·

72 2751 175 2816 terit?
195 2753 243 2812 En
264 2752 326 2812 hoe
346 2749 446 2830 igitur
463 2749 593 2812 nomine
614 2760 724 2828 petunt
744 2761 775 2809 te
794 2751 871 2812 novi
890 2761 954 2812 tres
975 2751 1103 2833 dialogi,

72 2851 108 2916 in
128 2853 184 2913 hac
202 2854 350 2932 specula,
378 2873 449 2934 quae
468 2874 504 2915 se
523 2850 659 2914 libertati
687 2849 874 2930 jampridem
894 2850 1033 2932 aperuit,
1054 2863 1105 2915 tu·

71 2952 479 3016 multuariaiucubratione
508 2973 528 3014 a
545 2972 597 3015 me
616 2953 801 3031 compositi,
835 2952 905 3033 ejus
927 2955 1106 3034 argumenti

72 3054 167 3139 quod
186 3076 274 3135 pene
294 3053 388 3121 unice
407 3053 602 3116 tractandum
621 3053 696 3116 mihi
717 3067 901 3136 tempestate
915 3057 990 3132 liae,
1010 3056 1106 3119 relin-

72 3154 201 3240 quitur,
223 3156 256 3217 in
279 3154 396 3238 quibus
416 3154 522 3235 sinon
540 3153 639 3218 nitide
658 3155 780 3231 ornnia,
802 3155 961 3238 expolite,
983 3169 1107 3221 etcum

71 3255 193 3340 grstia,
213 3266 318 3318 tamen
333 3255 477 3318 Libertas
494 3266 560 3331 est,
582 3277 675 3340 quam
694 3268 725 3321 te
739 3279 892 3340 quaerere,
907 3258 1048 3336 dicebas,
1075 3259 1108 3322 in

71 3357 296 3438 scriptoribus.
336 3359 431 3419 Nunc
448 3357 648 3438 propositum
660 3369 728 3434 est,
750 3358 872 3422 irritare
884 3361 986 3424 modis
1007 3361 1109 3424 omni·

74 3458 137 3521 bus
159 3456 325 3520 amentiam
343 3458 486 3520 istorum.
534 3458 671 3521 Tantum
695 3459 801 3536 abest,
835 3470 870 3521 ut
890 3472 1027 3525 metuam
1044 3473 1109 3524 ter·

70 3560 201 3622 ritantes
233 3579 307 3620 eos:
343 3557 411 3621 scio
442 3557 545 3634 enim,
582 3558 765 3634 diuturnum
798 3581 865 3622 non
895 3582 987 3636 esse,
1018 3560 1109 3643 quod

74 3660 196 3743 possint
216 3661 249 3722 in
271 3680 494 3743 quamcunque
514 3669 645 3739 partem.
697 3662 806 3742 Quare
836 3661 931 3723 etiam
950 3661 1108 3724 confirmo

75 3782 151 3837 eos,
183 3760 240 3844 qui
258 3758 430 3824 formidine
458 3759 597 3840 correpti
623 3783 727 3843 nuper
747 3773 837 3839 sunt,
870 3762 999 3847 quando
1020 3762 1109 3825 ride·

73 3862 149 3926 baut
169 3863 318 3942 stipatum
337 3872 385 3924 tot
404 3859 623 3924 Caulinaiibus
643 3872 674 3925 et
694 3863 928 3927 Protonoturiis
951 3864 1111 3928 Caesarem

73 3964 115 4026 ad
134 3984 195 4027 nor
216 3965 380 4027 accedere.
419 3965 499 4026 Nam
518 3963 562 4024 ibi
575 3974 690 4026 nostrae
705 3963 833 4048 quidem
849 3986 950 4027 cause
967 3977 1111 4044 metues,

72 4066 154 4136 dum
174 4065 250 4128 nihil
270 4076 336 4140 est;
367 4065 424 4128 sed
443 4063 525 4128 iliius
545 4063 758 4128 miserendum
779 4067 904 4147 potius,
931 4067 1055 4151 quise,
1076 4067 1110 4130 in

71 4167 136 4230 hoc
161 4189 269 4231 rerum
288 4165 445 4250 fastigio,
475 4166 699 4230 invertendum
731 4167 773 4230 iis
797 4171 945 4231 monstris
963 4171 1110 4251 praebent.

69 4271 156 4332 Vale
188 4267 325 4350 optime,
358 4286 394 4328 sc
424 4266 603 4329 libertatem
630 4279 732 4332 tuere.
793 4270 845 4330 Ex
881 4270 1108 4353 Ebernburgo,

68 4372 155 4436 laih.
180 4369 325 4441 tannarii
343 4368 383 4449 M
404 4368 447 4432 D.
459 4368 554 4432 XXI.

476 4558 703 4577 m
