<?xml version="1.0" encoding="UTF-8"?>
<!DOCTYPE html PUBLIC "-//W3C//DTD XHTML 1.0 Transitional//EN"
    "http://www.w3.org/TR/xhtml1/DTD/xhtml1-transitional.dtd">
<html xmlns="http://www.w3.org/1999/xhtml" xml:lang="en" lang="en">
 <head>
  <title>
</title>
<meta http-equiv="Content-Type" content="text/html;charset=utf-8" />
  <meta name='ocr-system' content='tesseract 3.04.00' />
  <meta name='ocr-capabilities' content='ocr_page ocr_carea ocr_par ocr_line ocrx_word'/>
</head>
<body>
  <div class='ocr_page' id='page_1' title='image "./ulrichiabhutten00mngoog_0216.png"; bbox 0 0 2618 5108; ppageno 0'>
   <div class='ocr_carea' id='block_1_1' title="bbox 78 786 902 929">
    <p class='ocr_par' dir='ltr' id='par_1_1' title="bbox 78 786 902 929">
     <span class='ocr_line' id='line_1_1' title="bbox 78 786 902 929; baseline -0.001 -39"><span class='ocrx_word' id='word_1_1' title='bbox 78 923 81 929; x_wconf 15' lang='grc' dir='ltr'>ι</span> <span class='ocrx_word' id='word_1_2' title='bbox 119 786 123 792; x_wconf 44' lang='grc'><strong>’</strong></span> <span class='ocrx_word' id='word_1_3' title='bbox 176 824 247 890; x_wconf 84' lang='lat'><strong>200</strong></span> <span class='ocrx_word' id='word_1_4' title='bbox 464 812 668 902; x_wconf 73' lang='lat' dir='ltr'>Praedones</span> <span class='ocrx_word' id='word_1_5' title='bbox 714 812 902 916; x_wconf 82' lang='lat' dir='ltr'><strong>Dialogus.</strong></span> 
     </span>
    </p>
   </div>
   <div class='ocr_carea' id='block_1_2' title="bbox 176 1003 1200 1388">
    <p class='ocr_par' dir='ltr' id='par_1_2' title="bbox 176 1003 1200 1388">
     <span class='ocr_line' id='line_1_2' title="bbox 560 1003 1129 1069; baseline -0.004 0"><span class='ocrx_word' id='word_1_6' title='bbox 560 1003 813 1069; x_wconf 81' lang='lat' dir='ltr'><strong>Franciseua.</strong></span> <span class='ocrx_word' id='word_1_7' title='bbox 1127 1062 1129 1067; x_wconf 81' lang='grc'>,</span> 
     </span>
     <span class='ocr_line' id='line_1_3' title="bbox 250 1105 1197 1183; baseline -0.004 -15"><span class='ocrx_word' id='word_1_8' title='bbox 250 1105 317 1168; x_wconf 80' lang='lat' dir='ltr'><strong>Aut</strong></span> <span class='ocrx_word' id='word_1_9' title='bbox 347 1127 443 1183; x_wconf 85' lang='lat' dir='ltr'><strong>vero,</strong></span> <span class='ocrx_word' id='word_1_10' title='bbox 477 1109 502 1170; x_wconf 86' lang='lat' dir='ltr'><strong>sl</strong></span> <span class='ocrx_word' id='word_1_11' title='bbox 533 1117 638 1170; x_wconf 84' lang='lat' dir='ltr'><strong>essent</strong></span> <span class='ocrx_word' id='word_1_12' title='bbox 667 1105 776 1181; x_wconf 88' lang='lat' dir='ltr'><strong>etiam,</strong></span> <span class='ocrx_word' id='word_1_13' title='bbox 807 1125 873 1168; x_wconf 87' lang='lat' dir='ltr'><strong>non</strong></span> <span class='ocrx_word' id='word_1_14' title='bbox 900 1106 1060 1168; x_wconf 77' lang='lat' dir='ltr'><strong>mallemus</strong></span> <span class='ocrx_word' id='word_1_15' title='bbox 1089 1113 1197 1166; x_wconf 89' lang='lat' dir='ltr'><strong>tamen</strong></span> 
     </span>
     <span class='ocr_line' id='line_1_4' title="bbox 178 1191 1200 1292; baseline 0.003 -26"><span class='ocrx_word' id='word_1_16' title='bbox 178 1205 337 1268; x_wconf 90' lang='lat' dir='ltr'><strong>communi</strong></span> <span class='ocrx_word' id='word_1_17' title='bbox 357 1207 463 1288; x_wconf 87' lang='lat' dir='ltr'><strong>patriae</strong></span> <span class='ocrx_word' id='word_1_18' title='bbox 478 1191 662 1282; x_wconf 84' lang='lat' dir='ltr'><strong>consulere,</strong></span> <span class='ocrx_word' id='word_1_19' title='bbox 682 1227 776 1289; x_wconf 89' lang='lat' dir='ltr'><strong>quam</strong></span> <span class='ocrx_word' id='word_1_20' title='bbox 795 1206 970 1292; x_wconf 80' lang='lat' dir='ltr'><strong>gratificare</strong></span> <span class='ocrx_word' id='word_1_21' title='bbox 990 1208 1070 1288; x_wconf 82' lang='lat' dir='ltr'><strong>male</strong></span> <span class='ocrx_word' id='word_1_22' title='bbox 1089 1203 1200 1288; x_wconf 85' lang='lat' dir='ltr'><strong>gratis,</strong></span> 
     </span>
     <span class='ocr_line' id='line_1_5' title="bbox 176 1306 1200 1388; baseline 0.001 -22"><span class='ocrx_word' id='word_1_23' title='bbox 176 1306 285 1384; x_wconf 81' lang='lat' dir='ltr'>paucis</span> <span class='ocrx_word' id='word_1_24' title='bbox 304 1308 493 1369; x_wconf 89' lang='lat' dir='ltr'><strong>hominibus.</strong></span> <span class='ocrx_word' id='word_1_25' title='bbox 532 1310 610 1388; x_wconf 74' lang='lat' dir='ltr'><strong>llam</strong></span> <span class='ocrx_word' id='word_1_26' title='bbox 629 1307 690 1368; x_wconf 92' lang='lat' dir='ltr'><strong>hoc</strong></span> <span class='ocrx_word' id='word_1_27' title='bbox 711 1328 893 1387; x_wconf 89' lang='lat' dir='ltr'><strong>persuasum</strong></span> <span class='ocrx_word' id='word_1_28' title='bbox 913 1307 1081 1382; x_wconf 86' lang='lat' dir='ltr'><strong>habemus,</strong></span> <span class='ocrx_word' id='word_1_29' title='bbox 1102 1317 1200 1388; x_wconf 85' lang='lat' dir='ltr'><strong>atque</strong></span> 
     </span>
    </p>
   </div>
   <div class='ocr_carea' id='block_1_3' title="bbox 63 1396 1199 1491">
    <p class='ocr_par' dir='ltr' id='par_1_3' title="bbox 63 1396 1199 1491">
     <span class='ocr_line' id='line_1_6' title="bbox 63 1396 1199 1491; baseline -0.002 -23"><span class='ocrx_word' id='word_1_30' title='bbox 63 1396 89 1459; x_wconf 70' lang='lat'><strong>.&#39;</strong></span> <span class='ocrx_word' id='word_1_31' title='bbox 127 1446 146 1471; x_wconf 54' lang='grc' dir='ltr'><strong>ι.</strong></span> <span class='ocrx_word' id='word_1_32' title='bbox 178 1410 218 1468; x_wconf 87' lang='lat' dir='ltr'><strong>ita</strong></span> <span class='ocrx_word' id='word_1_33' title='bbox 240 1408 354 1487; x_wconf 91' lang='lat' dir='ltr'><strong>passim</strong></span> <span class='ocrx_word' id='word_1_34' title='bbox 369 1408 521 1490; x_wconf 82' lang='lat' dir='ltr'>cognosci</span> <span class='ocrx_word' id='word_1_35' title='bbox 539 1410 647 1484; x_wconf 86' lang='lat' dir='ltr'><strong>datur,</strong></span> <span class='ocrx_word' id='word_1_36' title='bbox 668 1407 782 1475; x_wconf 86' lang='lat' dir='ltr'><strong>inlidos</strong></span> <span class='ocrx_word' id='word_1_37' title='bbox 795 1411 982 1491; x_wconf 87' lang='lat' dir='ltr'><strong>plerumque</strong></span> <span class='ocrx_word' id='word_1_38' title='bbox 996 1407 1082 1483; x_wconf 85' lang='lat' dir='ltr'><strong>lieri,</strong></span> <span class='ocrx_word' id='word_1_39' title='bbox 1104 1417 1199 1490; x_wconf 89' lang='lat' dir='ltr'><strong>qnot-</strong></span> 
     </span>
    </p>
   </div>
   <div class='ocr_carea' id='block_1_4' title="bbox 104 1504 1201 2998">
    <p class='ocr_par' dir='ltr' id='par_1_4' title="bbox 104 1504 1201 2998">
     <span class='ocr_line' id='line_1_7' title="bbox 178 1504 1201 1590; baseline 0.001 -23"><span class='ocrx_word' id='word_1_40' title='bbox 178 1519 258 1590; x_wconf 89' lang='lat' dir='ltr'><strong>qnot</strong></span> <span class='ocrx_word' id='word_1_41' title='bbox 286 1529 303 1569; x_wconf 90' lang='lat' dir='ltr'><strong>a</strong></span> <span class='ocrx_word' id='word_1_42' title='bbox 324 1506 415 1570; x_wconf 89' lang='lat' dir='ltr'><strong>nobis</strong></span> <span class='ocrx_word' id='word_1_43' title='bbox 436 1509 469 1569; x_wconf 92' lang='lat' dir='ltr'><strong>in</strong></span> <span class='ocrx_word' id='word_1_44' title='bbox 491 1509 634 1571; x_wconf 84' lang='lat' dir='ltr'>ordinem</span> <span class='ocrx_word' id='word_1_45' title='bbox 653 1508 739 1570; x_wconf 91' lang='lat' dir='ltr'><strong>illum</strong></span> <span class='ocrx_word' id='word_1_46' title='bbox 758 1507 987 1584; x_wconf 81' lang='lat' dir='ltr'><strong>concesserint,</strong></span> <span class='ocrx_word' id='word_1_47' title='bbox 1017 1527 1122 1590; x_wconf 85' lang='lat' dir='ltr'><strong>neque</strong></span> <span class='ocrx_word' id='word_1_48' title='bbox 1143 1504 1201 1568; x_wconf 90' lang='lat' dir='ltr'><strong>ulli</strong></span> 
     </span>
     <span class='ocr_line' id='line_1_8' title="bbox 177 1606 1198 1693; baseline -0.002 -22"><span class='ocrx_word' id='word_1_49' title='bbox 177 1606 276 1691; x_wconf 84' lang='lat' dir='ltr'><strong>magis</strong></span> <span class='ocrx_word' id='word_1_50' title='bbox 297 1629 428 1690; x_wconf 85' lang='lat' dir='ltr'><strong>graves,</strong></span> <span class='ocrx_word' id='word_1_51' title='bbox 449 1623 543 1693; x_wconf 86' lang='lat' dir='ltr'><strong>quam</strong></span> <span class='ocrx_word' id='word_1_52' title='bbox 564 1609 705 1672; x_wconf 90' lang='lat' dir='ltr'><strong>affinibus</strong></span> <span class='ocrx_word' id='word_1_53' title='bbox 726 1620 758 1671; x_wconf 90' lang='lat' dir='ltr'><strong>et</strong></span> <span class='ocrx_word' id='word_1_54' title='bbox 777 1608 964 1692; x_wconf 84' lang='lat' dir='ltr'><strong>propinquis</strong></span> <span class='ocrx_word' id='word_1_55' title='bbox 985 1608 1071 1684; x_wconf 92' lang='lat' dir='ltr'><strong>suis,</strong></span> <span class='ocrx_word' id='word_1_56' title='bbox 1091 1628 1109 1669; x_wconf 89' lang='lat' dir='ltr'><strong>a</strong></span> <span class='ocrx_word' id='word_1_57' title='bbox 1128 1607 1198 1691; x_wconf 91' lang='lat' dir='ltr'><strong>qui-</strong></span> 
     </span>
     <span class='ocr_line' id='line_1_9' title="bbox 176 1707 1198 1793; baseline -0.001 -24"><span class='ocrx_word' id='word_1_58' title='bbox 176 1708 236 1771; x_wconf 87' lang='lat' dir='ltr'><strong>bus</strong></span> <span class='ocrx_word' id='word_1_59' title='bbox 264 1730 426 1793; x_wconf 80' lang='lat' dir='ltr'><strong>narrrquam</strong></span> <span class='ocrx_word' id='word_1_60' title='bbox 454 1709 527 1774; x_wconf 85' lang='lat' dir='ltr'><strong>satis</strong></span> <span class='ocrx_word' id='word_1_61' title='bbox 558 1711 722 1775; x_wconf 77' lang='lat' dir='ltr'><strong>detrahere</strong></span> <span class='ocrx_word' id='word_1_62' title='bbox 751 1733 802 1787; x_wconf 89' lang='lat' dir='ltr'><strong>se,</strong></span> <span class='ocrx_word' id='word_1_63' title='bbox 837 1710 926 1792; x_wconf 88' lang='lat' dir='ltr'><strong>quod</strong></span> <span class='ocrx_word' id='word_1_64' title='bbox 951 1707 1101 1770; x_wconf 80' lang='lat' dir='ltr'><strong>Ecclesii&#39;s</strong></span> <span class='ocrx_word' id='word_1_65' title='bbox 1131 1710 1198 1770; x_wconf 89' lang='lat' dir='ltr'><strong>suls</strong></span> 
     </span>
     <span class='ocr_line' id='line_1_10' title="bbox 176 1807 1197 1891; baseline 0.001 -21"><span class='ocrx_word' id='word_1_66' title='bbox 176 1807 355 1884; x_wconf 64' lang='lat' dir='ltr'><strong>vindicent,</strong></span> <span class='ocrx_word' id='word_1_67' title='bbox 383 1810 591 1873; x_wconf 77' lang='lat' dir='ltr'><strong>arbitrantnrs</strong></span> <span class='ocrx_word' id='word_1_68' title='bbox 620 1813 719 1888; x_wconf 88' lang='lat' dir='ltr'><strong>adeo,</strong></span> <span class='ocrx_word' id='word_1_69' title='bbox 753 1822 789 1873; x_wconf 85' lang='lat' dir='ltr'><strong>ut</strong></span> <span class='ocrx_word' id='word_1_70' title='bbox 816 1831 888 1872; x_wconf 89' lang='lat' dir='ltr'><strong>cum</strong></span> <span class='ocrx_word' id='word_1_71' title='bbox 924 1811 1077 1891; x_wconf 86' lang='lat' dir='ltr'><strong>permulta</strong></span> <span class='ocrx_word' id='word_1_72' title='bbox 1107 1807 1197 1890; x_wconf 89' lang='lat' dir='ltr'><strong>prius</strong></span> 
     </span>
     <span class='ocr_line' id='line_1_11' title="bbox 176 1909 1199 1993; baseline 0.002 -23"><span class='ocrx_word' id='word_1_73' title='bbox 176 1909 361 1972; x_wconf 71' lang='lat' dir='ltr'><strong>eodmcndis</strong></span> <span class='ocrx_word' id='word_1_74' title='bbox 370 1911 478 1973; x_wconf 84' lang='lat' dir='ltr'><strong>Romae</strong></span> <span class='ocrx_word' id='word_1_75' title='bbox 494 1911 681 1974; x_wconf 84' lang='lat' dir='ltr'><strong>Sacerdotiis</strong></span> <span class='ocrx_word' id='word_1_76' title='bbox 694 1911 894 1993; x_wconf 76' lang='lat' dir='ltr'><strong>profuderint</strong></span> <span class='ocrx_word' id='word_1_77' title='bbox 907 1931 973 1971; x_wconf 90' lang='lat' dir='ltr'><strong>non</strong></span> <span class='ocrx_word' id='word_1_78' title='bbox 987 1909 1078 1985; x_wconf 90' lang='lat' dir='ltr'><strong>nulli,</strong></span> <span class='ocrx_word' id='word_1_79' title='bbox 1098 1911 1199 1977; x_wconf 79' lang='lat' dir='ltr'><strong>luere-</strong></span> 
     </span>
     <span class='ocr_line' id='line_1_12' title="bbox 165 2009 1198 2096; baseline 0 -24"><span class='ocrx_word' id='word_1_80' title='bbox 165 2009 304 2093; x_wconf 43' lang='lat' dir='ltr'><strong>,ditatem</strong></span> <span class='ocrx_word' id='word_1_81' title='bbox 323 2023 425 2073; x_wconf 88' lang='lat' dir='ltr'><strong>tamen</strong></span> <span class='ocrx_word' id='word_1_82' title='bbox 446 2023 625 2093; x_wconf 89' lang='lat' dir='ltr'><strong>paternam,</strong></span> <span class='ocrx_word' id='word_1_83' title='bbox 647 2035 689 2076; x_wconf 86' lang='lat' dir='ltr'><strong>ex</strong></span> <span class='ocrx_word' id='word_1_84' title='bbox 709 2033 800 2096; x_wconf 84' lang='lat' dir='ltr'><strong>aequo</strong></span> <span class='ocrx_word' id='word_1_85' title='bbox 821 2009 1106 2091; x_wconf 86' lang='lat' dir='ltr'><strong>postcanobiscum</strong></span> <span class='ocrx_word' id='word_1_86' title='bbox 1124 2031 1198 2090; x_wconf 90' lang='lat' dir='ltr'><strong>par·</strong></span> 
     </span>
     <span class='ocr_line' id='line_1_13' title="bbox 176 2109 1196 2195; baseline -0.002 -20"><span class='ocrx_word' id='word_1_87' title='bbox 176 2112 303 2176; x_wconf 85' lang='lat' dir='ltr'><strong>tiantur.</strong></span> <span class='ocrx_word' id='word_1_88' title='bbox 341 2114 457 2195; x_wconf 84' lang='lat' dir='ltr'><strong>Neque</strong></span> <span class='ocrx_word' id='word_1_89' title='bbox 486 2114 530 2176; x_wconf 89' lang='lat' dir='ltr'><strong>ibi</strong></span> <span class='ocrx_word' id='word_1_90' title='bbox 550 2112 759 2176; x_wconf 82' lang='lat' dir='ltr'><strong>consideratio</strong></span> <span class='ocrx_word' id='word_1_91' title='bbox 780 2109 838 2172; x_wconf 92' lang='lat' dir='ltr'><strong>illis</strong></span> <span class='ocrx_word' id='word_1_92' title='bbox 858 2122 921 2184; x_wconf 88' lang='lat' dir='ltr'><strong>cst,</strong></span> <span class='ocrx_word' id='word_1_93' title='bbox 952 2110 1040 2193; x_wconf 71' lang='lat' dir='ltr'><strong>(parad</strong></span> <span class='ocrx_word' id='word_1_94' title='bbox 1069 2130 1196 2173; x_wconf 89' lang='lat' dir='ltr'><strong>succes·</strong></span> 
     </span>
     <span class='ocr_line' id='line_1_14' title="bbox 104 2198 1196 2296; baseline -0.002 -20"><span class='ocrx_word' id='word_1_95' title='bbox 104 2221 108 2235; x_wconf 89' lang='lat'>&#39;</span> <span class='ocrx_word' id='word_1_96' title='bbox 175 2234 265 2276; x_wconf 90' lang='lat' dir='ltr'><strong>sores</strong></span> <span class='ocrx_word' id='word_1_97' title='bbox 285 2198 377 2275; x_wconf 84' lang='lat' dir='ltr'><strong>nobis</strong></span> <span class='ocrx_word' id='word_1_98' title='bbox 398 2213 507 2288; x_wconf 87' lang='lat' dir='ltr'><strong>liberi,</strong></span> <span class='ocrx_word' id='word_1_99' title='bbox 539 2213 653 2296; x_wconf 88' lang='lat' dir='ltr'><strong>quibus</strong></span> <span class='ocrx_word' id='word_1_100' title='bbox 672 2210 927 2294; x_wconf 86' lang='lat' dir='ltr'><strong>prospiciendum</strong></span> <span class='ocrx_word' id='word_1_101' title='bbox 946 2212 1122 2274; x_wconf 86' lang='lat' dir='ltr'><strong>necessario</strong></span> <span class='ocrx_word' id='word_1_102' title='bbox 1143 2209 1196 2289; x_wconf 89' lang='lat' dir='ltr'><strong>sit,</strong></span> 
     </span>
     <span class='ocr_line' id='line_1_15' title="bbox 175 2310 1196 2394; baseline 0.001 -21"><span class='ocrx_word' id='word_1_103' title='bbox 175 2311 414 2392; x_wconf 87' lang='lat' dir='ltr'><strong>relinquantur,</strong></span> <span class='ocrx_word' id='word_1_104' title='bbox 434 2312 509 2394; x_wconf 89' lang='lat' dir='ltr'><strong>ipsis</strong></span> <span class='ocrx_word' id='word_1_105' title='bbox 529 2312 657 2374; x_wconf 90' lang='lat' dir='ltr'><strong>unicum</strong></span> <span class='ocrx_word' id='word_1_106' title='bbox 677 2310 807 2394; x_wconf 82' lang='lat' dir='ltr'><strong>singulis</strong></span> <span class='ocrx_word' id='word_1_107' title='bbox 828 2324 984 2387; x_wconf 87' lang='lat' dir='ltr'><strong>scortum,</strong></span> <span class='ocrx_word' id='word_1_108' title='bbox 1017 2323 1049 2373; x_wconf 90' lang='lat' dir='ltr'><strong>et</strong></span> <span class='ocrx_word' id='word_1_109' title='bbox 1067 2333 1196 2394; x_wconf 89' lang='lat' dir='ltr'><strong>permo-</strong></span> 
     </span>
     <span class='ocr_line' id='line_1_16' title="bbox 175 2407 1197 2487; baseline 0.006 -17"><span class='ocrx_word' id='word_1_110' title='bbox 175 2407 241 2470; x_wconf 91' lang='lat' dir='ltr'><strong>dica</strong></span> <span class='ocrx_word' id='word_1_111' title='bbox 262 2409 393 2487; x_wconf 82' lang='lat' dir='ltr'><strong>familia,</strong></span> <span class='ocrx_word' id='word_1_112' title='bbox 415 2411 441 2474; x_wconf 93' lang='lat' dir='ltr'><strong>si</strong></span> <span class='ocrx_word' id='word_1_113' title='bbox 461 2414 576 2487; x_wconf 89' lang='lat' dir='ltr'><strong>alatur,</strong></span> <span class='ocrx_word' id='word_1_114' title='bbox 596 2412 669 2474; x_wconf 89' lang='lat' dir='ltr'><strong>satis</strong></span> <span class='ocrx_word' id='word_1_115' title='bbox 689 2411 739 2475; x_wconf 86' lang='lat' dir='ltr'><strong>sit.</strong></span> <span class='ocrx_word' id='word_1_116' title='bbox 761 2412 901 2475; x_wconf 88' lang='lat' dir='ltr'><strong>Trahunt</strong></span> <span class='ocrx_word' id='word_1_117' title='bbox 920 2414 958 2474; x_wconf 91' lang='lat' dir='ltr'><strong>ad</strong></span> <span class='ocrx_word' id='word_1_118' title='bbox 977 2436 1011 2476; x_wconf 92' lang='lat' dir='ltr'><strong>se</strong></span> <span class='ocrx_word' id='word_1_119' title='bbox 1031 2415 1116 2474; x_wconf 91' lang='lat' dir='ltr'><strong>nullo</strong></span> <span class='ocrx_word' id='word_1_120' title='bbox 1137 2413 1197 2476; x_wconf 91' lang='lat' dir='ltr'><strong>mi·</strong></span> 
     </span>
     <span class='ocr_line' id='line_1_17' title="bbox 176 2508 1194 2595; baseline 0.006 -25"><span class='ocrx_word' id='word_1_121' title='bbox 176 2508 355 2572; x_wconf 84' lang='lat' dir='ltr'><strong>scricordiae</strong></span> <span class='ocrx_word' id='word_1_122' title='bbox 370 2514 507 2589; x_wconf 84' lang='lat' dir='ltr'><strong>affectu,</strong></span> <span class='ocrx_word' id='word_1_123' title='bbox 538 2515 620 2575; x_wconf 89' lang='lat' dir='ltr'><strong>nulla</strong></span> <span class='ocrx_word' id='word_1_124' title='bbox 642 2512 743 2575; x_wconf 90' lang='lat' dir='ltr'><strong>habita</strong></span> <span class='ocrx_word' id='word_1_125' title='bbox 763 2512 1039 2595; x_wconf 81' lang='lat' dir='ltr'><strong>consanguinitatis</strong></span> <span class='ocrx_word' id='word_1_126' title='bbox 1059 2514 1194 2593; x_wconf 87' lang='lat' dir='ltr'><strong>ratione,</strong></span> 
     </span>
     <span class='ocr_line' id='line_1_18' title="bbox 176 2610 1196 2695; baseline 0.01 -27"><span class='ocrx_word' id='word_1_127' title='bbox 176 2610 307 2672; x_wconf 90' lang='lat' dir='ltr'><strong>multum</strong></span> <span class='ocrx_word' id='word_1_128' title='bbox 339 2610 510 2686; x_wconf 88' lang='lat' dir='ltr'><strong>Canonici,</strong></span> <span class='ocrx_word' id='word_1_129' title='bbox 555 2616 644 2695; x_wconf 85' lang='lat' dir='ltr'><strong>plura</strong></span> <span class='ocrx_word' id='word_1_130' title='bbox 675 2612 776 2674; x_wconf 87' lang='lat' dir='ltr'><strong>adhue</strong></span> <span class='ocrx_word' id='word_1_131' title='bbox 803 2614 964 2695; x_wconf 80' lang='lat' dir='ltr'><strong>Episcopi.</strong></span> <span class='ocrx_word' id='word_1_132' title='bbox 1008 2614 1101 2676; x_wconf 87' lang='lat' dir='ltr'><strong>Unde</strong></span> <span class='ocrx_word' id='word_1_133' title='bbox 1127 2637 1196 2678; x_wconf 89' lang='lat' dir='ltr'><strong>non</strong></span> 
     </span>
     <span class='ocr_line' id='line_1_19' title="bbox 175 2706 1195 2796; baseline 0.009 -26"><span class='ocrx_word' id='word_1_134' title='bbox 175 2706 244 2771; x_wconf 88' lang='lat' dir='ltr'><strong>sine</strong></span> <span class='ocrx_word' id='word_1_135' title='bbox 262 2712 434 2780; x_wconf 71' lang='lat' dir='ltr'><strong>causedici</strong></span> <span class='ocrx_word' id='word_1_136' title='bbox 457 2716 550 2791; x_wconf 82' lang='lat' dir='ltr'><strong>vulgo</strong></span> <span class='ocrx_word' id='word_1_137' title='bbox 573 2716 669 2776; x_wconf 86' lang='lat' dir='ltr'><strong>solet:</strong></span> <span class='ocrx_word' id='word_1_138' title='bbox 704 2733 836 2783; x_wconf 83' lang='lat' dir='ltr'><strong>„omnes</strong></span> <span class='ocrx_word' id='word_1_139' title='bbox 857 2735 927 2774; x_wconf 92' lang='lat' dir='ltr'><strong>cum</strong></span> <span class='ocrx_word' id='word_1_140' title='bbox 952 2713 1086 2796; x_wconf 86' lang='lat' dir='ltr'><strong>primum</strong></span> <span class='ocrx_word' id='word_1_141' title='bbox 1113 2718 1195 2779; x_wconf 83' lang='lat' dir='ltr'><strong>fiunt</strong></span> 
     </span>
     <span class='ocr_line' id='line_1_20' title="bbox 147 2811 1193 2904; baseline 0.01 -32"><span class='ocrx_word' id='word_1_142' title='bbox 147 2890 157 2904; x_wconf 37' lang='lat'><strong><em>‘</em></strong></span> <span class='ocrx_word' id='word_1_143' title='bbox 177 2812 375 2887; x_wconf 88' lang='lat' dir='ltr'><strong>sacerdotes,</strong></span> <span class='ocrx_word' id='word_1_144' title='bbox 395 2811 729 2877; x_wconf 80' lang='lat' dir='ltr'><strong>inducere&#39;avaritiam</strong></span> <span class='ocrx_word' id='word_1_145' title='bbox 747 2824 778 2875; x_wconf 88' lang='lat' dir='ltr'><strong>et</strong></span> <span class='ocrx_word' id='word_1_146' title='bbox 798 2812 1069 2897; x_wconf 81' lang='lat' dir='ltr'><strong>ingratitudinem,</strong></span> <span class='ocrx_word' id='word_1_147' title='bbox 1096 2815 1193 2882; x_wconf 83' lang='lat' dir='ltr'><strong>vitam</strong></span> 
     </span>
     <span class='ocr_line' id='line_1_21' title="bbox 175 2914 809 2998; baseline 0.005 -25"><span class='ocrx_word' id='word_1_148' title='bbox 175 2932 254 2974; x_wconf 86' lang='lat' dir='ltr'><strong>vero</strong></span> <span class='ocrx_word' id='word_1_149' title='bbox 273 2932 454 2996; x_wconf 85' lang='lat' dir='ltr'><strong>proponere</strong></span> <span class='ocrx_word' id='word_1_150' title='bbox 472 2914 607 2977; x_wconf 86' lang='lat' dir='ltr'><strong>molliter</strong></span> <span class='ocrx_word' id='word_1_151' title='bbox 623 2914 786 2998; x_wconf 85' lang='lat' dir='ltr'><strong>agendam.</strong></span> <span class='ocrx_word' id='word_1_152' title='bbox 794 2919 809 2946; x_wconf 86' lang='grc'>“</span> 
     </span>
    </p>
   </div>
   <div class='ocr_carea' id='block_1_5' title="bbox 195 3072 794 3251">
    <p class='ocr_par' dir='ltr' id='par_1_5' title="bbox 195 3072 794 3251">
     <span class='ocr_line' id='line_1_22' title="bbox 576 3072 794 3135; baseline -0.009 0"><span class='ocrx_word' id='word_1_153' title='bbox 576 3072 794 3135; x_wconf 85' lang='lat' dir='ltr'><strong>Mercator.</strong></span> 
     </span>
     <span class='ocr_line' id='line_1_23' title="bbox 195 3169 658 3251; baseline 0.011 -20"><span class='ocrx_word' id='word_1_154' title='bbox 195 3242 202 3250; x_wconf 30' lang='lat'><em>⁶</em></span> <span class='ocrx_word' id='word_1_155' title='bbox 250 3169 297 3232; x_wconf 88' lang='lat' dir='ltr'><strong>Ita</strong></span> <span class='ocrx_word' id='word_1_156' title='bbox 315 3170 350 3233; x_wconf 83' lang='lat' dir='ltr'><strong>fit</strong></span> <span class='ocrx_word' id='word_1_157' title='bbox 367 3170 533 3251; x_wconf 85' lang='lat' dir='ltr'><strong>prolecto,</strong></span> <span class='ocrx_word' id='word_1_158' title='bbox 551 3173 594 3235; x_wconf 89' lang='lat' dir='ltr'><strong>ita</strong></span> <span class='ocrx_word' id='word_1_159' title='bbox 613 3176 658 3237; x_wconf 87' lang='lat' dir='ltr'><strong>fit.</strong></span> 
     </span>
    </p>
   </div>
   <div class='ocr_carea' id='block_1_6' title="bbox 157 3345 1192 4428">
    <p class='ocr_par' dir='ltr' id='par_1_6' title="bbox 558 3345 814 3411">
     <span class='ocr_line' id='line_1_24' title="bbox 558 3345 814 3411; baseline 0.023 -6"><span class='ocrx_word' id='word_1_160' title='bbox 558 3345 814 3411; x_wconf 83' lang='lat' dir='ltr'><strong>Franciscus.</strong></span> 
     </span>
    </p>

    <p class='ocr_par' dir='ltr' id='par_1_7' title="bbox 157 3440 1192 4428">
     <span class='ocr_line' id='line_1_25' title="bbox 248 3440 1191 3531; baseline 0.011 -29"><span class='ocrx_word' id='word_1_161' title='bbox 248 3440 321 3503; x_wconf 88' lang='lat' dir='ltr'><strong>Non</strong></span> <span class='ocrx_word' id='word_1_162' title='bbox 341 3443 503 3522; x_wconf 86' lang='lat' dir='ltr'><strong>praestabat</strong></span> <span class='ocrx_word' id='word_1_163' title='bbox 521 3442 617 3523; x_wconf 81' lang='lat' dir='ltr'><strong>igitur</strong></span> <span class='ocrx_word' id='word_1_164' title='bbox 631 3467 696 3509; x_wconf 92' lang='lat' dir='ltr'><strong>non</strong></span> <span class='ocrx_word' id='word_1_165' title='bbox 710 3469 779 3511; x_wconf 86' lang='lat' dir='ltr'><strong>esse</strong></span> <span class='ocrx_word' id='word_1_166' title='bbox 796 3451 871 3522; x_wconf 91' lang='lat' dir='ltr'><strong>hos,</strong></span> <span class='ocrx_word' id='word_1_167' title='bbox 892 3469 985 3531; x_wconf 85' lang='lat' dir='ltr'><strong>quam</strong></span> <span class='ocrx_word' id='word_1_168' title='bbox 1002 3448 1078 3509; x_wconf 87' lang='lat' dir='ltr'><strong>tales</strong></span> <span class='ocrx_word' id='word_1_169' title='bbox 1095 3448 1191 3512; x_wconf 77' lang='lat' dir='ltr'><strong>esse?</strong></span> 
     </span>
     <span class='ocr_line' id='line_1_26' title="bbox 174 3540 1189 3631; baseline 0.008 -26"><span class='ocrx_word' id='word_1_170' title='bbox 174 3540 241 3605; x_wconf 91' lang='lat' dir='ltr'><strong>Aut</strong></span> <span class='ocrx_word' id='word_1_171' title='bbox 267 3541 432 3625; x_wconf 88' lang='lat' dir='ltr'><strong>quisquam</strong></span> <span class='ocrx_word' id='word_1_172' title='bbox 463 3546 541 3605; x_wconf 87' lang='lat' dir='ltr'><strong>male</strong></span> <span class='ocrx_word' id='word_1_173' title='bbox 567 3545 662 3607; x_wconf 89' lang='lat' dir='ltr'><strong>debet</strong></span> <span class='ocrx_word' id='word_1_174' title='bbox 689 3548 721 3609; x_wconf 92' lang='lat' dir='ltr'><strong>in</strong></span> <span class='ocrx_word' id='word_1_175' title='bbox 757 3549 915 3631; x_wconf 88' lang='lat' dir='ltr'><strong>publicum</strong></span> <span class='ocrx_word' id='word_1_176' title='bbox 942 3551 1109 3614; x_wconf 90' lang='lat' dir='ltr'><strong>consulere</strong></span> <span class='ocrx_word' id='word_1_177' title='bbox 1127 3549 1189 3628; x_wconf 89' lang='lat' dir='ltr'><strong>ibi,</strong></span> 
     </span>
     <span class='ocr_line' id='line_1_27' title="bbox 175 3643 1191 3731; baseline 0.014 -30"><span class='ocrx_word' id='word_1_178' title='bbox 175 3661 268 3722; x_wconf 90' lang='lat' dir='ltr'><strong>qnam</strong></span> <span class='ocrx_word' id='word_1_179' title='bbox 297 3643 404 3704; x_wconf 87' lang='lat' dir='ltr'><strong>miseri</strong></span> <span class='ocrx_word' id='word_1_180' title='bbox 432 3644 574 3725; x_wconf 86' lang='lat' dir='ltr'><strong>equites,</strong></span> <span class='ocrx_word' id='word_1_181' title='bbox 604 3645 659 3728; x_wconf 92' lang='lat' dir='ltr'><strong>qui</strong></span> <span class='ocrx_word' id='word_1_182' title='bbox 688 3669 759 3710; x_wconf 92' lang='lat' dir='ltr'><strong>eum</strong></span> <span class='ocrx_word' id='word_1_183' title='bbox 778 3648 920 3712; x_wconf 87' lang='lat' dir='ltr'><strong>civitates</strong></span> <span class='ocrx_word' id='word_1_184' title='bbox 939 3651 1191 3731; x_wconf 85' lang='lat' dir='ltr'><strong>contrarapina·</strong></span> 
     </span>
     <span class='ocr_line' id='line_1_28' title="bbox 174 3740 1191 3828; baseline 0.015 -27"><span class='ocrx_word' id='word_1_185' title='bbox 174 3740 294 3802; x_wconf 81' lang='lat' dir='ltr'><strong>tionem</strong></span> <span class='ocrx_word' id='word_1_186' title='bbox 314 3742 392 3802; x_wconf 84' lang='lat' dir='ltr'><strong>hanc</strong></span> <span class='ocrx_word' id='word_1_187' title='bbox 413 3743 537 3804; x_wconf 70' lang='lat' dir='ltr'><strong>munitae</strong></span> <span class='ocrx_word' id='word_1_188' title='bbox 564 3745 753 3828; x_wconf 88' lang='lat' dir='ltr'><strong>aliquantum</strong></span> <span class='ocrx_word' id='word_1_189' title='bbox 775 3748 853 3824; x_wconf 91' lang='lat' dir='ltr'><strong>sint,</strong></span> <span class='ocrx_word' id='word_1_190' title='bbox 882 3750 941 3812; x_wconf 92' lang='lat' dir='ltr'><strong>soli</strong></span> <span class='ocrx_word' id='word_1_191' title='bbox 960 3750 1118 3815; x_wconf 81' lang='lat' dir='ltr'><strong>indefensi</strong></span> <span class='ocrx_word' id='word_1_192' title='bbox 1137 3773 1191 3815; x_wconf 86' lang='lat' dir='ltr'><strong>su·</strong></span> 
     </span>
     <span class='ocr_line' id='line_1_29' title="bbox 173 3838 1192 3932; baseline 0.015 -32"><span class='ocrx_word' id='word_1_193' title='bbox 173 3859 262 3914; x_wconf 85' lang='lat' dir='ltr'><strong>mus,</strong></span> <span class='ocrx_word' id='word_1_194' title='bbox 297 3850 328 3901; x_wconf 91' lang='lat' dir='ltr'><strong>et</strong></span> <span class='ocrx_word' id='word_1_195' title='bbox 348 3838 471 3918; x_wconf 76' lang='lat' dir='ltr'><strong>injuriae</strong></span> <span class='ocrx_word' id='word_1_196' title='bbox 497 3855 648 3923; x_wconf 86' lang='lat' dir='ltr'><strong>patemus.</strong></span> <span class='ocrx_word' id='word_1_197' title='bbox 694 3849 850 3912; x_wconf 74' lang='lat' dir='ltr'><strong>Praeterea</strong></span> <span class='ocrx_word' id='word_1_198' title='bbox 869 3850 1034 3932; x_wconf 90' lang='lat' dir='ltr'><strong>quoniam,</strong></span> <span class='ocrx_word' id='word_1_199' title='bbox 1062 3860 1094 3913; x_wconf 89' lang='lat' dir='ltr'><strong>et</strong></span> <span class='ocrx_word' id='word_1_200' title='bbox 1113 3850 1192 3915; x_wconf 86' lang='lat' dir='ltr'><strong>saci·</strong></span> 
     </span>
     <span class='ocr_line' id='line_1_30' title="bbox 174 3938 1188 4032; baseline 0.014 -31"><span class='ocrx_word' id='word_1_201' title='bbox 174 3938 232 4001; x_wconf 91' lang='lat' dir='ltr'><strong>lius</strong></span> <span class='ocrx_word' id='word_1_202' title='bbox 270 3938 383 4002; x_wconf 87' lang='lat' dir='ltr'><strong>invasit</strong></span> <span class='ocrx_word' id='word_1_203' title='bbox 414 3963 555 4022; x_wconf 84' lang='lat' dir='ltr'><strong>semper,</strong></span> <span class='ocrx_word' id='word_1_204' title='bbox 585 3957 615 4008; x_wconf 88' lang='lat' dir='ltr'><strong>et</strong></span> <span class='ocrx_word' id='word_1_205' title='bbox 641 3949 792 4011; x_wconf 83' lang='lat' dir='ltr'><strong>tenacius·</strong></span> <span class='ocrx_word' id='word_1_206' title='bbox 822 3972 915 4032; x_wconf 92' lang='lat' dir='ltr'><strong>quam</strong></span> <span class='ocrx_word' id='word_1_207' title='bbox 946 3950 1019 4014; x_wconf 87' lang='lat' dir='ltr'><strong>alibi</strong></span> <span class='ocrx_word' id='word_1_208' title='bbox 1047 3952 1133 4015; x_wconf 82' lang='lat' dir='ltr'><strong>haesit</strong></span> <span class='ocrx_word' id='word_1_209' title='bbox 1155 3951 1188 4016; x_wconf 88' lang='lat' dir='ltr'><strong>in</strong></span> 
     </span>
     <span class='ocr_line' id='line_1_31' title="bbox 157 4039 1187 4132; baseline 0.023 -35"><span class='ocrx_word' id='word_1_210' title='bbox 157 4039 265 4102; x_wconf 78' lang='lat' dir='ltr'><strong>,nobis</strong></span> <span class='ocrx_word' id='word_1_211' title='bbox 287 4042 483 4122; x_wconf 86' lang='lat' dir='ltr'><strong>superstitio,</strong></span> <span class='ocrx_word' id='word_1_212' title='bbox 504 4048 592 4124; x_wconf 87' lang='lat' dir='ltr'><strong>plura</strong></span> <span class='ocrx_word' id='word_1_213' title='bbox 611 4069 704 4130; x_wconf 85' lang='lat' dir='ltr'><strong>qnam</strong></span> <span class='ocrx_word' id='word_1_214' title='bbox 723 4071 816 4111; x_wconf 89' lang='lat' dir='ltr'><strong>nemo</strong></span> <span class='ocrx_word' id='word_1_215' title='bbox 831 4051 968 4113; x_wconf 88' lang='lat' dir='ltr'><strong>ecclesiis</strong></span> <span class='ocrx_word' id='word_1_216' title='bbox 987 4053 1187 4132; x_wconf 90' lang='lat' dir='ltr'><strong>contulimus,</strong></span> 
     </span>
     <span class='ocr_line' id='line_1_32' title="bbox 174 4142 1187 4238; baseline 0.017 -38"><span class='ocrx_word' id='word_1_217' title='bbox 174 4150 206 4200; x_wconf 87' lang='lat' dir='ltr'><strong>et</strong></span> <span class='ocrx_word' id='word_1_218' title='bbox 227 4142 327 4202; x_wconf 88' lang='lat' dir='ltr'><strong>adhuc</strong></span> <span class='ocrx_word' id='word_1_219' title='bbox 348 4144 439 4204; x_wconf 85' lang='lat' dir='ltr'><strong>etiam</strong></span> <span class='ocrx_word' id='word_1_220' title='bbox 464 4149 604 4209; x_wconf 85' lang='lat' dir='ltr'><strong>certatim</strong></span> <span class='ocrx_word' id='word_1_221' title='bbox 630 4149 693 4225; x_wconf 92' lang='lat' dir='ltr'><strong>ibi,</strong></span> <span class='ocrx_word' id='word_1_222' title='bbox 723 4151 811 4231; x_wconf 90' lang='lat' dir='ltr'><strong>quod</strong></span> <span class='ocrx_word' id='word_1_223' title='bbox 833 4152 921 4214; x_wconf 87' lang='lat' dir='ltr'><strong>liberi</strong></span> <span class='ocrx_word' id='word_1_224' title='bbox 938 4154 1040 4215; x_wconf 92' lang='lat' dir='ltr'><strong>nostri</strong></span> <span class='ocrx_word' id='word_1_225' title='bbox 1063 4167 1187 4238; x_wconf 83' lang='lat' dir='ltr'><strong>egeant,</strong></span> 
     </span>
     <span class='ocr_line' id='line_1_33' title="bbox 175 4240 1189 4337; baseline 0.014 -35"><span class='ocrx_word' id='word_1_226' title='bbox 175 4240 405 4324; x_wconf 77' lang='lat' dir='ltr'><strong>profundimus.</strong></span> <span class='ocrx_word' id='word_1_227' title='bbox 449 4248 646 4329; x_wconf 84' lang='lat' dir='ltr'><strong>Quamquam</strong></span> <span class='ocrx_word' id='word_1_228' title='bbox 664 4270 774 4311; x_wconf 83' lang='lat' dir='ltr'><strong>verum</strong></span> <span class='ocrx_word' id='word_1_229' title='bbox 793 4252 851 4312; x_wconf 92' lang='lat' dir='ltr'><strong>hoc</strong></span> <span class='ocrx_word' id='word_1_230' title='bbox 869 4266 935 4328; x_wconf 87' lang='lat' dir='ltr'><strong>cst,</strong></span> <span class='ocrx_word' id='word_1_231' title='bbox 954 4252 1028 4335; x_wconf 89' lang='lat' dir='ltr'><strong>quia</strong></span> <span class='ocrx_word' id='word_1_232' title='bbox 1048 4257 1189 4337; x_wconf 78' lang='lat' dir='ltr'><strong>opulenti</strong></span> 
     </span>
     <span class='ocr_line' id='line_1_34' title="bbox 173 4341 1188 4428; baseline 0.013 -23"><span class='ocrx_word' id='word_1_233' title='bbox 173 4341 307 4405; x_wconf 85' lang='lat' dir='ltr'><strong>maxime</strong></span> <span class='ocrx_word' id='word_1_234' title='bbox 336 4354 409 4404; x_wconf 87' lang='lat' dir='ltr'><strong>sunt</strong></span> <span class='ocrx_word' id='word_1_235' title='bbox 428 4344 495 4422; x_wconf 90' lang='lat' dir='ltr'><strong>isti,</strong></span> <span class='ocrx_word' id='word_1_236' title='bbox 526 4360 558 4409; x_wconf 88' lang='lat' dir='ltr'><strong>et</strong></span> <span class='ocrx_word' id='word_1_237' title='bbox 588 4350 714 4411; x_wconf 65' lang='lat' dir='ltr'><strong>luxuriat</strong></span> <span class='ocrx_word' id='word_1_238' title='bbox 743 4350 902 4428; x_wconf 87' lang='lat' dir='ltr'><strong>dillluunt,</strong></span> <span class='ocrx_word' id='word_1_239' title='bbox 933 4375 970 4416; x_wconf 89' lang='lat' dir='ltr'><strong>ac</strong></span> <span class='ocrx_word' id='word_1_240' title='bbox 994 4355 1127 4419; x_wconf 88' lang='lat' dir='ltr'><strong>delicate</strong></span> <span class='ocrx_word' id='word_1_241' title='bbox 1156 4366 1188 4420; x_wconf 90' lang='lat' dir='ltr'><strong>et</strong></span> 
     </span>
    </p>
   </div>
   <div class='ocr_carea' id='block_1_7' title="bbox 173 4441 1188 4534">
    <p class='ocr_par' dir='ltr' id='par_1_8' title="bbox 173 4441 1188 4534">
     <span class='ocr_line' id='line_1_35' title="bbox 173 4441 1188 4534; baseline 0.018 -29"><span class='ocrx_word' id='word_1_242' title='bbox 173 4443 307 4506; x_wconf 87' lang='lat' dir='ltr'><strong>molliter</strong></span> <span class='ocrx_word' id='word_1_243' title='bbox 322 4441 454 4521; x_wconf 86' lang='lat' dir='ltr'><strong>vivunt,</strong></span> <span class='ocrx_word' id='word_1_244' title='bbox 474 4451 596 4534; x_wconf 86' lang='lat' dir='ltr'><strong>aliquos</strong></span> <span class='ocrx_word' id='word_1_245' title='bbox 612 4451 746 4515; x_wconf 88' lang='lat' dir='ltr'><strong>reddere</strong></span> <span class='ocrx_word' id='word_1_246' title='bbox 760 4451 919 4518; x_wconf 81' lang='lat' dir='ltr'><strong>obnoxios</strong></span> <span class='ocrx_word' id='word_1_247' title='bbox 933 4454 1005 4532; x_wconf 89' lang='lat' dir='ltr'><strong>sibi,</strong></span> <span class='ocrx_word' id='word_1_248' title='bbox 1024 4457 1188 4523; x_wconf 87' lang='lat' dir='ltr'><strong>dumcon·</strong></span> 
     </span>
    </p>
   </div>
   <div class='ocr_carea' id='block_1_8' title="bbox 0 0 1314 5108">
    <p class='ocr_par' dir='ltr' id='par_1_9' title="bbox 0 0 1314 5108">
     <span class='ocr_line' id='line_1_36' title="bbox 0 0 1314 5108; baseline 0 1"><span class='ocrx_word' id='word_1_249' title='bbox 0 0 1314 5108; x_wconf 95' lang='lat' dir='ltr'><strong> </strong></span> 
     </span>
    </p>
   </div>
  </div>
 </body>
</html>
