2618 5108
183 842 254 917 166
497 837 668 917 Monitor
706 840 902 916 secundus.

177 1043 307 1094 caterva
318 1031 479 1096 bonorum
490 1033 619 1096 circase
630 1034 789 1110 virorum,
808 1035 975 1098 consilium
989 1035 1089 1110 ineat,
1109 1034 1216 1099 detra·

178 1132 277 1197 hcndi
300 1134 359 1213 his,
376 1136 500 1196 nimiam
530 1136 723 1215 potentiam,
757 1150 791 1197 et
825 1135 948 1213 abolita.
978 1136 1215 1216 superstitione,

179 1253 290 1297 veram
319 1235 492 1298 inducendi
531 1236 733 1318 religionem,
772 1235 848 1300 fidei
880 1237 1002 1314 lucem,
1039 1236 1217 1300 Germanic

179 1334 356 1400 libertatem
376 1338 573 1400 restituendi.

598 1455 792 1517 Monitor.

260 1554 378 1640 Teque
395 1556 538 1621 ministro
559 1569 667 1618 utatur
685 1555 726 1616 ibi
744 1556 878 1619 multum
895 1554 993 1638 apto?

572 1672 828 1735 Franciscus.

258 1771 333 1836 Sive
357 1794 428 1849 rue,
458 1773 530 1838 sive
557 1794 783 1858 quemcunque
807 1775 958 1836 idoneum
982 1772 1118 1836 maxime
1142 1793 1221 1852 per-

181 1875 341 1957 spexerit,
373 1874 467 1955 cujus
497 1876 597 1938 ductu
626 1895 678 1938 res
707 1889 791 1936 tanta
818 1889 958 1957 geratur.
996 1875 1078 1936 Nam
1098 1875 1220 1958 alioqui

180 1973 348 2039 decretum
365 1976 423 2057 ipsi
441 1976 514 2038 mihi
537 1989 601 2052 est,
624 1976 649 2038 si
660 1977 739 2038 nolit
750 1976 813 2039 huc
824 1977 875 2037 ille
887 1978 1023 2037 animum
1036 1976 1219 2054 advertere,

179 2095 291 2161 neque
310 2097 383 2160 spes
407 2074 471 2159 jam
494 2078 577 2140 ultra
601 2079 659 2154 sit,
688 2077 779 2153 lore,
802 2091 839 2138 ut
856 2077 952 2156 ipsius
972 2078 1115 2157 auspiciis
1129 2097 1221 2139 com-

180 2180 269 2244 muni
287 2180 393 2259 patrio
412 2180 615 2255 consulatur,
644 2179 762 2242 audere
791 2178 909 2262 aliquid
935 2198 1008 2240 meo
1038 2197 1112 2240 cum
1130 2179 1220 2261 peri·

180 2281 275 2359 culo,
292 2293 459 2364 utcunque
478 2272 571 2342 'cedet
589 2281 651 2342 hoc
668 2282 772 2343 etiam.

601 2395 797 2458 Monitor.

257 2497 329 2577 Qua
349 2497 382 2559 in
404 2516 441 2558 re
459 2497 650 2559 monitorem
672 2496 772 2558 habes
797 2517 904 2558 acrem
928 2510 962 2560 et
983 2499 1218 2575 vehementem,

181 2594 362 2660 Huttenum
383 2597 493 2674 istum,
526 2599 737 2678 impatientem
768 2601 887 2675 omnis,
912 2599 1086 2675 utvideo,
1108 2619 1221 2677 morae,

181 2715 222 2758 ac
254 2718 381 2761 omnem
412 2696 478 2780 jam
504 2700 660 2779 lapidem,
704 2713 742 2763 ut
768 2702 884 2763 malum
925 2701 1111 2763 concilietur
1141 2700 1222 2778 istis,

182 2814 399 2863 moventem.

576 2917 833 2981 Franciscus.

258 3021 304 3083 Et
325 3018 460 3085 libenter
483 3030 571 3085 utor.
615 3022 698 3084 nam
722 3035 756 3083 et
775 3020 833 3103 ipsi
857 3019 986 3102 spiritus
1003 3031 1054 3085 est
1076 3017 1153 3084 huic
1174 3015 1225 3080 rei

87 3154 93 3161 ·
183 3119 332 3185 idoneus.

604 3240 803 3301 lllonitor.

257 3338 363 3419 Quem
382 3338 424 3400 illi
447 3352 556 3402 servet
580 3339 741 3415 Christus,
762 3354 860 3418 teque
888 3335 1075 3412 confirmet,
1105 3334 1228 3416 optima

182 3455 371 3516 conantem,
395 3460 432 3502 ac
454 3461 576 3504 summe
595 3440 782 3504 necessaria.

572 3557 831 3621 Franciscus.

270 3661 314 3723 Et
341 3672 373 3723 te
405 3671 530 3735 servet,
572 3660 682 3722 melius
711 3658 892 3739 opinantem
930 3654 1011 3736 jam,
1041 3673 1080 3717 ac
1106 3655 1228 3719 tectius

186 3776 389 3837 monentem,
422 3780 519 3844 quam
538 3779 611 3821 cum
631 3757 833 3821 adveniebas.

215 3998 218 4002 ·
262 3979 367 4060 Quam
383 3977 439 4040 nisi
458 3980 587 4061 gratim
601 3877 821 4059 &0¹:230
838 3975 1005 4039 erudiente
1025 3973 1142 4036 tucior
1154 3993 1231 4038 sum

182 4076 303 4142 nnus.
340 4079 442 4143 Vale!

571 4196 833 4261 Franciscus.

260 4298 306 4367 Et
331 4309 368 4362 tu
391 4294 525 4361 feliciter
544 4300 634 4363 vale!
