2618 5108
298 761 473 845 adversus
498 760 738 859 adsperginca
761 761 925 837 Hutteni.
1041 759 1111 838 ddi
1191 769 1225 826 Γ
1274 830 1280 840 .

97 973 161 1020 non
181 949 434 1017 inscribebantur
453 951 540 1016 areis
565 951 698 1031 tabulis,
720 955 777 1020 sed
796 954 891 1035 vino,
920 956 966 1027 sic
984 965 1021 1026 ut
1038 956 1115 1020 suls·

96 1055 164 1118 lutis
184 1055 305 1136 poculis
326 1075 419 1116 neruo
445 1055 652 1129 meminisset,
673 1055 751 1137 quid
770 1077 866 1140 aquo
885 1058 1004 1122 dictum
1019 1069 1114 1124 esset.

98 1154 234 1233 Maioris
254 1154 346 1217 etiam
366 1154 554 1216 incivilitatis
572 1165 635 1228 est,
664 1154 910 1222 criminationem
928 1170 1051 1223 struere
1071 1180 1114 1223 ex

100 1256 164 1331 his,
187 1277 257 1337 qruc
277 1255 365 1318 amici
386 1255 459 1316 freti
479 1256 542 1317 title
561 1264 668 1316 nostra
691 1256 789 1318 libere
809 1259 974 1322 nobiseum
991 1280 1116 1342 nugan-

97 1367 149 1418 tut·
175 1376 233 1438 per
260 1356 374 1418 literas.
414 1355 527 1417 Habeo
549 1353 604 1436 qui
624 1376 665 1416 ex
684 1357 800 1421 intimis
821 1358 926 1422 amicis
947 1358 1022 1422 mihi
1040 1359 1115 1425 tacti

97 1467 170 1518 sunt
199 1455 344 1537 capitales
374 1458 498 1530 hostes,
534 1454 608 1515 nihil
639 1476 705 1517 non
737 1457 898 1522 molientes
918 1456 951 1522 iu
980 1460 1114 1527 exitium
1168 1480 1170 1484 ’

97 1577 219 1629 mcum;
253 1576 412 1638 nunquam
441 1566 543 1616 tamen
572 1558 718 1620 sustinuit
742 1559 862 1622 animus
882 1580 994 1638 meus,
1007 1573 1042 1623 ut
1060 1564 1114 1627 vel

95 1675 114 1717 e
137 1658 264 1719 secretis
284 1655 470 1738 colloquiis,
492 1659 566 1717 llum
585 1669 743 1720 constaret
761 1658 966 1737 familiaritas,
987 1661 1112 1740 habitis,

96 1760 146 1819 vel
174 1781 216 1819 cx
244 1757 386 1839 epistolis
413 1756 580 1840 quicquam
604 1759 662 1820 illis
695 1757 875 1840 objicerem.
924 1763 1009 1824 Tum
1028 1762 1113 1827 euim

96 1859 172 1921 nini
191 1857 305 1940 (lignus
327 1857 469 1932 viderer,
498 1859 554 1941 qui
584 1879 625 1920 ex
651 1858 801 1922 universo
820 1859 981 1924 hominum
1000 1872 1114 1926 contu·

95 1957 209 2019 bornio
248 1957 280 2018 in
316 1957 455 2020 terarum
489 1959 684 2023 consortium
721 1961 938 2043 protruderer.
989 1961 1113 2027 Verum
1196 2014 1200 2027 .

96 2058 179 2121 illam
208 2058 247 2119 ad
273 2059 445 2120 Laurinum
473 2061 631 2142 epistolam
659 2061 792 2141 appellat
819 2060 960 2123 odiosam
979 2060 1120 2128 insectus·
1186 2127 1188 2130 Α

98 2157 227 2220 tionem.
265 2159 412 2222 Proserat
427 2179 469 2221 ex
487 2182 525 2223 ea
544 2162 677 2241 verbum
697 2180 794 2223 unum
814 2160 924 2224 odiose
943 2160 1060 2227 dictum
1078 2161 1112 2229 itt

97 2260 283 2322 Lutlrcrum.
317 2261 408 2323 Nulla
427 2262 570 2336 heresin
590 2263 672 2324 nulla
690 2261 825 2323 heretici
844 2261 978 2339 mentio;
997 2273 1113 2347 tragus·

36 2360 39 2365 ’
96 2359 178 2420 diam
205 2362 347 2441 appello;
376 2361 538 2423 dissidium
565 2382 601 2423 ac
619 2363 785 2424 tumultum
819 2364 958 2441 appell03
993 2363 1111 2445 quibus

95 2459 202 2523 verbis
231 2462 271 2523 de
298 2460 492 2542 Evangelico
528 2483 658 2545 quoque
688 2461 818 2543 negotio
848 2461 937 2546 loqui
961 2475 1112 2547 poteram·

99 2564 235 2623 Tantum
261 2562 351 2642 placo
378 2561 531 2643 quosdam
549 2563 766 2637 Lutheranos,
796 2560 862 2645 qui'
878 2565 964 2626 nullo
988 2563 1111 2644 judicic

96 2662 243 2724 seruntur
285 2659 450 2743 impotenti
482 2661 620 2744 quodam
659 2661 794 2741 impetu,
827 2672 860 2724 et
895 2663 934 2723 ad
966 2663 1111 2748 quemvis

98 2765 200 2824 levem
220 2783 379 2824 rumorem
406 2762 543 2825 excitant
571 2761 745 2844 tragoedias.
783 2761 868 2824 Vide
887 2781 987 2840 vero,
1016 2782 1112 2848 quam

98 2883 220 2927 causam
240 2866 363 2945 affingat
384 2863 558 2945 impudenti
577 2860 721 2925 lemmati.
742 2861 835 2932 ,ldeo
854 2864 914 2923 tani
932 2859 1043 2944 iniquo
1062 2873 1112 2926 est
1217 2924 1219 2928 ,

97 2966 200 3028 animo
232 2965 266 3026 in
296 2966 488 3040 Lutherum,
525 2964 643 3046 inquit,
675 2961 750 3044 quia
779 2961 872 3042 coepit
897 2960 940 3024 illi
966 2962 1111 3028 invidere

97 3077 210 3128 tantam
231 3064 379 3145 gloriam,
398 3053 602 3147 posteaquam
621 3063 701 3124 illius
722 3062 791 3124 libri
808 3081 908 3142 prope
927 3063 1026 3144 magis
1036 3072 1111 3127 sunt

97 3164 129 3226 in
149 3164 293 3226 manibus
313 3164 474 3227 hominum
487 3186 579 3247 quam
589 3164 715 3247 ipsius.“
734 3166 808 3226 Non
822 3161 951 3225 invideo
965 3165 1109 3228 Luthero

97 3285 183 3327 suam
203 3265 335 3337 samam3
367 3263 430 3326 imo
461 3265 560 3327 malim
589 3263 702 3347 quovis
732 3283 803 3326 care
832 3284 903 3326 esse
931 3263 1107 3342 obscurior,

97 3388 192 3450 qnam
226 3365 341 3430 babere
374 3365 488 3427 famam
522 3365 619 3439 illius;
668 3384 760 3446 ‹pram
797 3365 822 3427 si
851 3362 969 3443 patitur
1001 3382 1110 3426 amors
1213 3373 1215 3376 ’

98 3466 232 3542 Christi,
258 3468 328 3547 plus
348 3485 441 3550 quam
460 3474 593 3527 mortem
612 3464 742 3544 patitur:
767 3483 826 3525 nec
846 3483 969 3545 equum
988 3474 1053 3538 est,
1071 3472 1110 3526 ut

97 3569 266 3653 quisquam
295 3566 401 3629 bonus
429 3564 472 3627 illi
496 3564 648 3638 invideat;
681 3565 729 3627 sin
761 3563 849 3625 aliter
873 3572 936 3637 est,
973 3583 1107 3641 prorsus

96 3667 244 3744 insaniat,
273 3667 328 3751 qui
354 3667 444 3728 talem
467 3665 579 3727 famam
606 3664 751 3747 cuiquam
772 3661 919 3724 invideat.
957 3664 1051 3743 Ego,
1078 3663 1107 3727 si

97 3790 210 3852 queam
242 3768 385 3851 assequi,
424 3786 574 3847 cuperem
604 3785 671 3826 mea
706 3774 860 3845 perpetuo
892 3772 924 3824 et
960 3762 1106 3828 omnibus

97 3868 281 3950 regionibus
304 3867 384 3948 legi,
418 3867 524 3947 potius
550 3884 643 3948 quam
672 3863 863 3942 temporario
889 3861 1000 3925 favore
1028 3865 1107 3947 rapi.

99 3969 195 4049 Quod
227 3968 252 4029 si
278 3987 342 4027 non
368 3978 528 4029 merentur
552 3965 619 4046 ipsa
646 3965 776 4025 utilitate
802 3963 941 4024 favorem
968 3966 1105 4042 lectoris,

97 4091 221 4135 manum
241 4089 305 4130 non
325 4067 493 4142 vorterim‚
513 4065 605 4130 etiarn
626 4063 762 4125 sinemo
782 4066 874 4143 legat.
906 4064 984 4132 ,Sed
1004 4068 1108 4144 pueri,

97 4170 258 4254 inquiunt,
295 4170 422 4231 acunis
446 4167 579 4230 Lutheri
609 4182 724 4224 nomen
755 4183 871 4224 vocare
899 4173 1107 4228 assuescunt.“

97 4272 296 4344 Praestiterat,
315 4278 351 4331 ut
369 4277 585 4332 assuescerent
599 4283 715 4324 vocare
731 4281 845 4322 nomeu
864 4272 951 4325 Jesu.
991 4266 1108 4344 (litam-

98 4393 211 4457 quam,
232 4372 286 4434 ubi
305 4371 366 4432 sint
384 4369 434 4432 isti
453 4365 562 4448 pueri,
588 4361 711 4435 nesci03
738 4360 879 4424 fortassis
898 4364 1057 4429 Huttenus
1071 4367 1106 4431 il·
