2618 5108
603 966 796 1066 st·

190 1193 359 1268 Uirichus
383 1194 568 1267 Huttenus
592 1189 826 1288 Hieronymo
851 1187 1057 1290 tleandro,

332 1334 484 1409 Oratori
506 1334 675 1406 Romano
710 1341 745 1410 Ia
771 1347 933 1431 „putenm

528 1576 723 1596 μ

109 1713 336 1830 Nequaquam
356 1745 436 1808 hanc
456 1766 518 1830 ego
540 1763 666 1808 omnem
693 1740 779 1806 inte
800 1742 940 1824 cuipam,
973 1764 1044 1830 quae
1070 1739 1143 1825 ejus

110 1849 246 1913 maxima
266 1859 333 1923 est,
354 1868 372 1908 a
392 1868 458 1930 quo
480 1860 513 1910 tu
533 1847 646 1911 missus
672 1867 724 1923 es,
750 1846 947 1910 transferam.
986 1846 1050 1910 Sed
1069 1867 1143 1911 cum

109 1949 156 2013 sic
188 1948 304 2032 cupide
331 1947 529 2030 provinciam
553 1946 770 2031 persequendi
799 1969 858 2011 nos
878 1945 1013 2023 obieris,
1040 1958 1076 2010 ut
1100 1968 1143 2010 eu

115 2050 149 2113 in
169 2049 302 2132 negotio
322 2048 484 2112 inveneris
504 2060 555 2127 tu,
586 2072 656 2133 quae
678 2049 716 2112 ab
736 2047 790 2112 illo
810 2049 945 2131 cogitata
964 2051 1057 2113 etiam
1075 2069 1143 2127 non

109 2174 180 2216 esse
196 2150 427 2233 putandumsit,
448 2149 627 2232 primastibi
638 2151 758 2232 optimo
778 2149 851 2233 jure
860 2150 1049 2215 deferendas
1066 2148 1145 2215 mihi

111 2253 269 2317 existimo.
307 2254 351 2314 Et
366 2250 492 2315 auferes
509 2263 544 2314 tu
564 2254 645 2339 hanc
659 2253 789 2340 quidem
807 2254 881 2319 hinc
892 2255 1033 2340 laudem,
1053 2251 1144 2338 quod

111 2376 178 2417 non
208 2354 286 2416 alius
313 2365 445 2416 conatus
473 2355 538 2416 haec
567 2353 607 2418 sit
634 2355 779 2434 avidius,
816 2377 884 2420 nou
909 2355 1084 2423 studiosius
1111 2363 1146 2419 et

116 2456 228 2523 sedulo
249 2454 356 2534 magis.
394 2455 458 2518 Sed
477 2454 604 2520 interim
627 2478 697 2521 esse
718 2469 814 2539 puta,
835 2459 892 2544 qui
911 2457 945 2521 in
965 2458 1072 2521 omnia
1090 2444 1146 2541 tuq

121 2556 219 2621 dicta
238 2577 275 2618 ac
305 2556 388 2619 facta
419 2556 555 2621 intentos
583 2558 718 2621 habeant
744 2561 854 2623 oculos
875 2570 907 2621 et
924 2571 1057 2624 mentes.
1095 2558 1148 2623 Aa

113 2659 191 2722 illud
212 2659 338 2721 tandem
357 2660 489 2722 credere
510 2661 647 2737 sustine,
669 2663 771 2725 adhuc
788 2660 906 2723 liberos
927 2681 997 2725 esse
1015 2659 1050 2722 in
1064 2660 1147 2722 Ger·

114 2757 217 2823 mania
236 2760 391 2824 homines.
432 2760 530 2842 Quod
549 2761 576 2825 si
596 2782 690 2825 sanus
710 2772 817 2825 mente
838 2781 941 2838 esses,
961 2781 1002 2823 ne
1016 2779 1147 2842 sperare

117 2861 246 2944 quidem
272 2861 424 2948 auderes,
458 2862 543 2925 hunc
564 2873 649 2924 tanta
666 2883 739 2925 cum
765 2861 1039 2942 fiduciapositum
1058 2861 1151 2925 iuli·
1183 2893 1185 2896 >

115 2960 268 3026 hertatem
288 2983 306 3022 a
324 2962 417 3025 nobis
438 2963 573 3040 pedem,
594 2974 657 3028 tam
676 2966 764 3026 nullo
777 2963 909 3046 negotio
930 2974 1150 3029 extracturum

115 3074 160 3128 te.
196 3066 241 3129 At
260 3064 353 3127 etiarn
374 3063 554 3145 perfectum
573 3064 676 3142 hoca)
706 3064 781 3141 tihi,
813 3063 981 3146 impotenti
1012 3065 1152 3149 quadam

116 3165 211 3231 animi
239 3164 377 3228 elatione
401 3163 580 3247 praesumis,
615 3188 678 3250 qua
705 3167 763 3228 alia
790 3166 853 3230 Dei
874 3165 994 3247 Optimi
1013 3165 1149 3231 Maximi

116 3271 296 3351 voluntate,
323 3289 433 3351 quove
452 3266 627 3347 permissu,
649 3290 744 3351 quam
754 3267 802 3344 aa)
825 3266 900 3350 quia
915 3280 1005 3331 tuum
1018 3280 1049 3329 te
1066 3288 1150 3352 quo·

118 3391 181 3446 que
201 3369 300 3431 saturn
319 3367 449 3455 manet?
478 3371 557 3431 Nam
578 3369 743 3452 quomodo
763 3379 799 3431 tu
818 3371 905 3431 aliter
924 3369 987 3431 huc
1007 3369 1151 3431 amentias

118 3470 243 3553 prolabi
263 3470 445 3551 potuisses,
474 3481 509 3530 ut
530 3471 679 3532 crederes
700 3490 766 3530 uno
787 3468 826 3531 ab
846 3467 1004 3548 edictulo,
1032 3466 1151 3532 callidi-

117 3583 199 3649 tate,
219 3572 389 3643 versutiis,
409 3571 523 3634 fraude
543 3581 575 3632 et
596 3569 699 3646 dolis,
720 3569 759 3630 ab
782 3568 983 3633 adolescente
996 3566 1151 3652 Principe

118 3684 225 3756 perte
245 3695 421 3754 expresso,
443 3679 542 3736 tota'm
561 3683 693 3752 repente
714 3671 915 3734 Germaniam
935 3668 1151 3749 conterritam,

119 3777 313 3840 deserturam
335 3775 510 3860 libertatem
535 3795 644 3849 snam,
672 3772 869 3834 deserturam
888 3773 1001 3848 fidem,
1021 3771 1153 3855 religie-

119 3899 192 3940 nem
211 3898 249 3940 ac
267 3876 457 3939 veritatem?
488 3876 574 3957 Quin
595 3875 689 3937 etiam
708 3874 750 3936 ita
769 3873 1031 3948 nullo‘consilio,
1051 3875 1151 3937 nulla-

118 4000 182 4063 que
216 3976 386 4059 prudentia
417 3976 625 4059 questionem
655 3978 735 4038 hane
762 3973 958 4050 instituistis,
991 3987 1028 4038 ut
1057 3973 1151 4039 facile

118 4079 226 4142 credat
247 4080 375 4162 aliquis,
408 4077 549 4140 voluisse
580 4097 659 4152 vos,
700 4097 777 4138 cum
802 4077 865 4138 hoc
903 4076 1151 4161 egrederemini,

116 4178 231 4258 juvare
251 4200 377 4244 causam
396 4191 538 4242 nostram
563 4164 596 4240 et
615 4198 831 4262 promovere,
863 4197 931 4240 non
951 4197 1151 4262 oppugnare,

152 4417 185 4488 ¹⁵)
202 4429 276 4474 1100:
294 4428 362 4475 illud.
432 4420 478 4489 tt)
495 4432 596 4492 Quam:
617 4428 672 4476 uisi.
