2618 5108
202 68 682 265 „amoq-„vj
725 233 743 243 0

199 383 217 427 k

515 739 718 820 Invecuva.
1052 757 1126 835 267

88 936 168 1014 lint,
196 956 305 1020 neque
324 957 460 1022 usquam
485 957 591 1013 mens,
618 959 754 1022 usquam
777 942 857 1005 ratio
884 941 941 1019 sit,
971 943 1127 1019 'Christus¹

86 1040 216 1103 tandem
235 1038 300 1104 suis
321 1038 444 1103 deerit?
474 1040 546 1102 Vos
567 1042 796 1121 Apostolorum
815 1045 889 1106 loco
908 1045 1043 1109 habeant
1062 1048 1123 1111 ho·

85 1141 208 1219 mines,
240 1141 281 1204 ab
307 1144 429 1205 illorum
461 1141 604 1204 instituto
637 1165 709 1204 cnm
729 1142 842 1207 vivatis
862 1147 1069 1225 alienissime,
1089 1163 1127 1215 et

86 1242 222 1307 clericos
238 1259 367 1320 vocent,
389 1243 480 1328 quasi
500 1266 582 1328 quos
604 1254 640 1305 ut
659 1245 802 1309 meliores
819 1248 909 1310 Deus
928 1249 1060 1311 sortitus
1081 1228 1125 1314 sit

88 1343 168 1421 sibi,
198 1344 315 1427 quibus
344 1344 447 1408 dicat:
482 1367 545 1430 ego
566 1367 636 1407 sum
664 1369 736 1427 pars
759 1358 880 1424 vestra,
914 1370 986 1412 cum
1014 1351 1120 1417 minus

90 1445 166 1509 nihil
182 1446 299 1528 agatis,
319 1445 394 1509 nihil
412 1446 515 1510 minus
531 1446 697 1530 cogitetis,
719 1472 814 1534 quam
836 1452 925 1534 quod
945 1452 1121 1533 Apostolo-

89 1569 161 1613 rum
182 1560 246 1624 est,
279 1549 370 1612 etad
391 1549 524 1613 clericos
556 1550 715 1631 pertincti
745 1552 813 1613 Imo
834 1573 907 1614 cum
933 1553 1128 1634 perversius,

86 1672 183 1715 nemo
205 1649 309 1724 vivat,
340 1671 435 1712 neruo
464 1653 570 1713 Derim
597 1652 701 1714 minus
729 1674 799 1715 csse
817 1664 924 1732 putet,
957 1674 1052 1716 nemo
1072 1653 1122 1719 sic
1215 1706 1218 1712 ,

87 1753 137 1818 sas
157 1752 330 1836 nefasque,
352 1774 439 1815 sacra
460 1764 491 1814 ct
510 1752 645 1834 prolana
661 1752 766 1815 omnia
785 1753 914 1817 misceat
932 1766 964 1839 et
983 1758 1120 1823 conlun-

87 1857 167 1921 dat?
196 1857 275 1918 Nam
297 1855 368 1938 quis
390 1856 441 1928 vel
469 1854 501 1916 in
520 1877 556 1917 re
577 1853 750 1918 nummaria
769 1855 864 1918 audet
887 1856 983 1920 tidem
1002 1860 1120 1926 habere

86 1957 196 2033 vobis,
228 1977 299 2018 cnm
327 1956 454 2018 soleatis
482 1954 684 2036 interpretari
721 1958 844 2018 lucrum
876 1977 947 2022 esse
967 1962 1119 2041 ecclesiae,

85 2059 143 2123 ubi
167 2058 246 2143 quid
266 2058 382 2120 [raude
402 2067 434 2119 et
454 2058 645 2139 impostura,
678 2055 711 2119 vi
730 2068 761 2120 et
783 2056 932 2122 violentia
951 2061 1120 2144 acquisivi·

84 2161 166 2227 sais?
187 2164 230 2223 Et
259 2182 276 2223 a
295 2156 508 2240 jurejurando
529 2161 629 2222 sciant
648 2180 757 2221 omnes
777 2157 924 2236 facillime
945 2161 1126 2237 absolutio·¹

85 2285 160 2327 nem
191 2264 268 2325 dare
299 2263 488 2325 Pontilicem
517 2260 726 2324 Romanum?
758 2258 920 2338 Proinde,
947 2274 1002 2325 aut
1028 2265 1120 2328 sinite

85 2365 196 2432 haberi
217 2386 275 2428 vos
295 2376 331 2425 ut
351 2364 474 2438 vivitis,
496 2375 547 2426 aut
567 2383 684 2445 opere,
711 2362 802 2424 sactis
823 2372 854 2424 et
874 2363 939 2450 vita
959 2365 1118 2433 ostendite

83 2489 156 2532 esse
176 2489 255 2542 vos,
276 2467 365 2550 quod
386 2464 495 2527 vocari
516 2463 619 2526 vultis.
665 2467 707 2526 Et
726 2476 803 2528 tunc
822 2464 877 2528 ubi
895 2464 979 2528 sacta
998 2488 1119 2531 conve·

84 2568 193 2644 nient,
212 2565 368 2632 noveritis
389 2586 459 2630 esse
480 2566 661 2630 sacerdotes
681 2586 758 2642 voa,
779 2586 846 2626 non
866 2566 1118 2643 dominos‚1)ai

84 2668 266 2747 unsaros,
293 2689 359 2731 non
384 2666 491 2731 ssecnli
518 2668 763 2751 gubernatores.
814 2666 901 2747 Opes
923 2677 1035 2729 vestrae
1055 2687 1120 2729 coe

84 2773 182 2837 lentes
202 2785 294 2846 sttttt,
327 2791 393 2832 non
412 2781 558 2832 terrenae
596 2766 721 2830 Nam
696 2789 723 2828 ει
744 2766 823 2849 quid
841 2766 927 2830 aliud
944 2766 1126 2843 habueritis.

83 2884 201 2958 prater
230 2869 412 2945 dominum,
448 2891 516 2932 non
531 2868 603 2931 erit
627 2866 691 2947 jam
719 2867 867 2930 dominus
896 2888 969 2951 pars
1000 2879 1118 2950 vestra,

81 2997 192 3057 neque
208 2994 268 3035 vos
284 2970 392 3034 clerici
407 2970 506 3035 eritis.
526 2973 598 3051 Qua
613 2968 736 3032 ratione
752 2966 816 3049 jan
829 2969 933 3033 atatim
948 2992 1015 3035 non
1031 2971 1118 3039 estis.

84 3074 202 3143 Omnia
220 3073 305 3137 enim
324 3084 518 3155 praepostere
538 3071 630 3156 agitis
655 3082 686 3134 et
705 3082 894 3134 transverse.
934 3071 1017 3138 Cum
1037 3073 1120 3142 inte-

80 3180 141 3243 πίω
161 3188 265 3240 tamen
286 3176 327 3237 de
348 3186 458 3237 nostra
483 3175 597 3236 vivatis
625 3175 845 3250 eleemosyna,
878 3183 910 3234 et
928 3175 1119 3255 patrimonia
1174 3206 1176 3211 ·

82 3289 194 3344 nostra
212 3275 337 3359 indigni
356 3286 453 3358 atque
473 3273 617 3337 immeriti
631 3272 912 3364 devoretis,nulla
932 3279 1025 3342 etiam
1044 3298 1123 3343 cun)

82 3379 256 3464 gratiarum
276 3376 401 3439 actione
422 3376 480 3439 sed
501 3386 682 3457 contempta
703 3375 805 3438 adhuc
817 3375 879 3438 Dei
900 3386 996 3459 atque
1015 3379 1119 3443 homi-

82 3502 161 3545 num
185 3489 270 3542 tanta
289 3477 454 3554 mercede,
474 3487 509 3539 ut
528 3478 650 3541 scelera
668 3477 900 3550 eveherentur,
919 3480 1117 3554 tyrannidem

82 3580 179 3645 nobis
198 3577 460 3662 comparavimus.
501 3577 584 3642 Olim
599 3578 788 3639 clericorum
805 3579 997 3640 sanctitatem
1017 3600 1117 3646 vene-

82 3682 235 3748 rabantur
270 3681 429 3745 seculares
456 3680 616 3754 homines,
658 3699 744 3740 naanc
774 3697 852 3758 opes
882 3689 915 3739 et
943 3681 1124 3759 potentiam<
1191 3718 1193 3722 ⁴

83 3783 257 3860 formidare
291 3783 447 3864 cogimur.
502 3783 546 3843 Et
580 3777 644 3860 jam
676 3777 888 3859 Evangelium
919 3802 1026 3865 neque
1055 3783 1117 3864 ipsi

82 3884 276 3971 praedicatis,
309 3903 417 3966 neque
438 3881 600 3962 predicari
620 3880 660 3943 ab
684 3879 766 3967 aliis,
802 3879 863 3943 nisi
883 3901 997 3963 magna
1017 3884 1117 3948 inter.

82 3990 187 4070 posita
207 3985 375 4060 cautione,
402 3983 520 4059 sinitis,
552 3982 713 4056 timentes,
739 4003 781 4042 ne
802 3982 891 4063 quod
912 3981 1005 4044 vobis
1025 3986 1115 4050 ulcus

82 4098 246 4171 tangatur,
267 4108 305 4150 ac
316 4095 474 4164 Luthero,
495 4083 569 4167 quia
582 4083 748 4145 veritatem
757 4080 839 4144 dixit
851 4081 961 4157 vobis,
982 4083 1115 4151 exitium

82 4189 253 4266 molimini,
287 4187 363 4253 alios
385 4189 442 4271 qui
468 4187 584 4268 optima
604 4182 798 4247 conscientia
824 4183 983 4262 tyrannidi
1003 4197 1116 4251 vestrae

82 4294 306 4365 reclamamus,
342 4289 470 4352 auferre
498 4285 642 4348 canedio
670 4283 827 4367 cogitatis.
881 4282 969 4365 Quid
988 4287 1114 4353 tandem

79 4394 227 4458 futurum
247 4391 317 4455 est?
345 4389 470 4473 Quibus
496 4408 562 4450 non
581 4399 707 4450 causam
728 4385 896 4470 aliquando
917 4387 1058 4451 dabitis?
1087 4390 1115 4453 si

115 4514 186 4561 nata.
204 4513 249 4570 op.
266 4512 294 4558 r.
306 4510 348 4557 ιν.
709 4488 750 4560 17
