2618 5108
859 52 865 63 t

311 103 771 302 .-·ψν·ρ-,.
814 266 831 277 ⁰

429 832 449 862 ··
516 810 703 911 Dialogus.
1054 815 1121 887 115

88 995 128 1061 iis
149 1000 336 1081 occuperis,
370 1023 477 1087 neque
503 1005 598 1067 latum
624 995 700 1065 inde
727 1020 887 1087 unguem,
919 1007 1120 1089 quantumvis

87 1102 267 1165 necessaria
284 1124 327 1164 ex
349 1105 485 1167 adverso
506 1107 617 1166 clamet
638 1101 710 1186 quis
721 1148 731 1179 ,
752 1115 785 1165 et
805 1116 1054 1190 quantocunque
1069 1129 1119 1171 rc·

88 1213 185 1262 vocet
205 1222 321 1282 opere,
358 1205 512 1268 discedas.
560 1197 725 1278 Breviter,
757 1203 897 1287 ingenue
920 1206 1118 1274 Christianus

87 1312 124 1362 ut
142 1301 204 1376 sis,
234 1314 327 1366 autor
345 1304 402 1367 tibi
426 1327 513 1380 sum,
539 1315 635 1389 atque
664 1306 728 1366 hec
749 1304 863 1368 doceo.
910 1310 988 1390 Quae
1018 1309 1118 1392 siquis

89 1413 154 1478 est,
187 1404 244 1486 qui
274 1426 374 1487 nugas
399 1405 643 1487 interpretatur,
673 1405 769 1479 scias,
800 1425 877 1469 eum
906 1429 973 1470 non
1002 1409 1119 1474 habere

86 1502 222 1566 instituti
242 1505 397 1569 rationem
415 1506 484 1582 sui,
504 1528 611 1590 neque
631 1506 727 1569 beare
746 1518 796 1583 te,
815 1522 887 1570 cum
903 1508 965 1571 alio
978 1508 1117 1587 divertit,

84 1605 146 1667 sed
164 1605 198 1667 in
218 1626 360 1670 errorem
380 1607 538 1672 abducere
558 1605 676 1686 magis,
696 1626 733 1669 ac
752 1608 899 1688 perdere.
937 1609 991 1671 Tu
1011 1622 1117 1676 autem

85 1705 163 1768 tanti
195 1726 299 1787 nuper
318 1707 429 1783 animi,
459 1708 586 1772 sordida
612 1726 707 1772 vocas
726 1708 809 1784 haec,
841 1728 907 1770 non
927 1708 978 1774 illa
996 1711 1114 1792 potius,

86 1806 226 1869 animum
244 1808 324 1870 mire
344 1808 552 1885 defendentia,
583 1830 652 1891 quae
669 1820 851 1891 sequuntur
872 1809 942 1887 isti,
964 1823 994 1873 et
1012 1813 1115 1875 numi·

84 1927 163 1971 num
178 1909 251 1970 loco
268 1921 477 1974 venerantur:
498 1909 673 1986 avaritiam,
694 1920 727 1972 et
742 1920 912 1993 quaestum,
931 1912 1061 1994 luxum,
1082 1925 1115 1981 et
1191 1906 1194 1908 Ὗ

83 2008 257 2072 libidinem.

504 2078 718 2151 Monitor.

160 2189 205 2251 As
236 2186 329 2252 etiarn
360 2179 530 2252 veritatem¹
562 2191 732 2270 profitetur
765 2186 935 2263 Pontifex,
967 2198 1000 2252 et
1041 2208 1114 2254 cum
1222 2160 1239 2236 ‚¹

85 2283 214 2351 Christo
233 2289 320 2352 lacit.
359 2292 424 2354 Sed
446 2292 519 2354 huic
539 2291 582 2353 ob
602 2291 657 2364 id,
677 2309 771 2372 qnam
786 2299 839 2365 tu,
861 2299 915 2351 aut
934 2288 1012 2352 alius
1027 2288 1116 2373 quis·

86 2410 148 2472 que
168 2390 302 2472 propius
322 2403 550 2467 conversatur,
570 2393 659 2474 qnod
679 2390 825 2453 Vicarius
846 2409 976 2474 quoquc
997 2401 1062 2466 est,
1084 2400 1117 2454 et

84 2490 272 2552 transfusam
292 2491 326 2552 in
355 2515 391 2555 se
412 2512 537 2554 ornnem
556 2486 655 2571 ipsius
674 2491 739 2552 vim
757 2490 867 2565 habet,
898 2510 935 2551 ac
954 2491 1022 2569 pari
1040 2491 1115 2554 iun·

85 2590 170 2672 gitur
197 2603 365 2671 potestate.
405 2591 618 2657 Christianum
644 2613 721 2655 vcro
752 2613 821 2655 esse
851 2592 929 2676 quid
955 2594 1033 2656 tanti
1053 2603 1112 2670 est,

84 2711 156 2754 cum
175 2692 228 2755 ille
246 2693 358 2756 beatos
379 2692 472 2757 etiarn
491 2694 603 2770 iaciat,
625 2704 661 2755 ut
679 2713 785 2756 errare
806 2714 872 2754 non
892 2693 1030 2773 possint,
1054 2693 1111 2776 qui

84 2783 242 2857 adherent
261 2793 311 2869 ci,
343 2793 396 2857 cui
425 2795 472 2858 sic
500 2816 573 2858 curn
594 2792 721 2858 Christo
743 2791 909 2868 convenit,
937 2804 974 2856 ut
999 2793 1112 2874 possit,

85 2895 171 2978 qnod
189 2895 282 2972 velit,
307 2894 401 2958 etism
421 2908 570 2958 statuere.
603 2893 688 2958 Cum
707 2892 792 2954 tuin
812 2894 963 2974 angustiis
983 2894 1111 2957 interim

83 2998 236 3072 verseris,
272 3006 305 3057 et
334 2995 375 3059 ab
398 2995 576 3076 Evangelio
609 3017 676 3059 non
706 2992 790 3057 ausis
814 2996 865 3055 vel
887 2994 1041 3060 tantillum
1061 2993 1125 3058 re?

83 3095 217 3178 spicere.

490 3173 706 3237 Lntherus.
738 3182 740 3186 '

156 3275 368 3358 Nequaquam
386 3295 500 3356 parum
530 3285 595 3349 est,
625 3273 743 3338 Christi
762 3270 927 3335 Vioarium
946 3294 1033 3348 esse;
1053 3276 1112 3339 sed

80 3373 200 3440 meritis
239 3386 387 3438 censetur
421 3376 484 3438 hoc
496 3418 506 3451 ,
545 3396 613 3436 non
660 3372 818 3458 cujusque
848 3375 1036 3451 ambitione,
1078 3387 1112 3439 ct

80 3475 228 3558 imposito
248 3475 387 3539 nomine.
425 3471 525 3556 'Quod
543 3487 579 3538 ut
598 3476 714 3538 habere
734 3475 819 3536 illurn
839 3476 1000 3552 obtineas,
1023 3496 1105 3556 opus

79 3577 137 3640 tibi
154 3577 233 3653 erit,
254 3586 355 3640 totum
374 3577 415 3640 de
432 3577 559 3661 integro
579 3578 718 3639 formare
737 3575 945 3652 Pontificem,
965 3595 1108 3660 eumque

81 3677 175 3742 alium
200 3697 286 3754 non,
313 3699 407 3763 quam
435 3678 493 3741 tibi
520 3699 583 3760 ego
611 3676 751 3758 depinxi.
791 3676 916 3739 Versor
944 3687 1048 3741 autem
1074 3676 1108 3740 in

81 3778 231 3863 angrrstiis
251 3799 331 3863 ego,
352 3779 408 3863 qui
427 3778 693 3861 circumscriptam
712 3776 939 3860 angustissimis
957 3776 1107 3842 limitibus

10 3886 14 3892 ’
80 3879 265 3964 religionem
283 3881 383 3958 hanc,
410 3891 537 3943 tottam
555 3892 640 3943 arcte
657 3890 799 3940 coactam
815 3875 936 3942 circum
953 3879 1106 3958 claustris,

77 3980 215 4044 vinctam
234 3980 313 4044 rnirc
332 3980 443 4058 variis,
471 3993 502 4043 et
515 4001 727 4063 compressam
746 3978 890 4062 iegibus,
917 3979 1108 4044 ceremoniis

78 4081 253 4145 obnoxiam
271 4085 367 4167 longe
385 4081 715 4166 superstitiosissimis,
742 4080 774 4143 in
794 4079 971 4143 libertatem
987 4083 1069 4147 illam
1088 4105 1107 4148 a

77 4181 209 4247 Christo
229 4183 333 4246 datam
352 4183 504 4258 restituo,
522 4194 555 4245 et
575 4185 614 4246 ab
631 4183 758 4246 inferno
776 4181 963 4261 productam
977 4204 1104 4248 carcere

75 4282 139 4348 sibi
160 4284 276 4348 reddo.
315 4285 379 4348 Sed
397 4287 460 4348 hoc
476 4286 604 4348 tandem
622 4283 697 4347 mihi
711 4283 872 4359 ediscere,
892 4282 948 4345 ubi
960 4283 1009 4345 illa
1023 4284 1105 4347 inter

74 4385 482 4466 Romanum'Pcntiiicem,
503 4397 536 4449 et
556 4386 717 4452 Christum
735 4382 819 4448 lacta
837 4395 885 4448 est
904 4384 1103 4447 conventio?
