2618 5108
182 835 251 910 tta
497 832 666 909 Monitor
703 834 897 908 secundus.

181 1027 308 1103 videat,
336 1046 497 1111 manuque
518 1047 653 1104 acore,
684 1027 712 1089 si
738 1029 858 1105 nescis,
888 1037 1077 1107 protestatus
1107 1040 1175 1107 est,
1195 1053 1216 1095 a

182 1127 323 1195 Romani
335 1127 501 1191 Pontifieis
520 1129 661 1210 partibus
680 1138 835 1192 staturum
853 1149 888 1192 se
908 1141 1084 1211 perpetuo,
1104 1150 1216 1214 queru-
1287 1142 1291 1149 '

183 1250 313 1312 cunque
338 1227 372 1290 iu
399 1241 565 1305 eventurn,
605 1249 646 1291 eo
686 1251 805 1313 regna,
845 1251 942 1309 opes,
981 1241 1014 1291 et
1039 1231 1216 1310 potentiam

183 1352 312 1394 omnem
332 1351 421 1392 suam
439 1330 673 1412 impensurum,
701 1350 808 1412 neque
829 1350 995 1411 passurum
1016 1352 1051 1393 se
1072 1331 1215 1412 Impera-

182 1442 273 1506 tore,
292 1432 346 1493 rel
364 1431 517 1494 tantillum
536 1432 577 1494 de
589 1431 757 1495 autoritate
769 1432 868 1506 illius,
891 1450 928 1492 ae
939 1433 1090 1503 Romanae
1102 1433 1217 1493 Eccle-

183 1532 236 1595 siae
253 1543 413 1614 potestate
431 1531 631 1596 imminutum
649 1531 708 1606 iri;
731 1533 821 1615 quod
840 1531 1014 1594 videndum
1034 1531 1091 1593 tibi
1110 1532 1220 1595 existi-

183 1652 260 1707 mo,
292 1654 333 1696 ne
362 1633 443 1696 iram
471 1633 506 1695 in
531 1645 584 1710 te,
605 1645 638 1697 et
664 1634 915 1714 indignationem
937 1650 1104 1715 ¹provoces
1133 1631 1219 1715 ejus,

94 1778 96 1782 ι
185 1731 277 1814 eujus
297 1732 448 1816 gratulari
467 1734 523 1796 tibi
542 1733 675 1816 gratiam
693 1736 802 1799 debes.

582 1912 836 1976 Franciscus.

261 2036 344 2099 Mihi
364 2037 421 2099 alla
440 2038 538 2121 louge
559 2036 640 2099 ratio
660 2049 716 2101 est.
756 2036 942 2100 Videndum
962 2055 1045 2100 enim
1058 2046 1155 2117 puto,
1176 2058 1220 2100 ne

186 2139 277 2223 quod
295 2160 383 2202 nune
402 2139 584 2223 obsequor,
614 2141 653 2202 ad
673 2138 821 2220 injuriam
840 2138 1010 2222 aliquando
1030 2138 1075 2202 illi
1094 2139 1220 2213 redeat3

186 2255 219 2301 et
238 2238 413 2302 diutissime
433 2241 667 2322 perseverab0‚
690 2241 901 2315 nonfacere,
929 2241 1019 2322 quod
1037 2239 1223 2303 nociturum

185 2338 231 2401 illi
252 2351 341 2401 certo
362 2341 441 2403 scio.
491 2343 572 2402 Nam
598 2363 658 2422 pro
678 2363 750 2404 mea
777 2342 810 2403 in
840 2361 912 2404 eum
933 2343 996 2404 lide
1016 2364 1082 2404 uon
1102 2352 1166 2418 est,
1186 2339 1222 2404 itt

185 2437 286 2520 ipsius
318 2440 467 2503 damnum
495 2440 633 2524 obsequi
666 2441 707 2505 ei.
752 2443 818 2504 Fac
837 2442 989 2506 irascatur
1008 2443 1084 2506 mihi
1104 2454 1221 2519 autem,

187 2561 379 2624 quamquam
392 2542 551 2604 facturum
566 2541 599 2604 id
618 2562 691 2604 eum
710 2565 752 2606 ne
771 2536 917 2627 suspicor
937 2544 1085 2628 quidem,
1106 2544 1223 2607 irasca-

187 2650 240 2703 tur
260 2653 383 2718 tamen,
413 2643 582 2725 aliquando
604 2645 717 2706 amabit
737 2657 823 2708 tanto
843 2645 961 2728 magis,
989 2647 1079 2727 quod
1097 2646 1225 2708 iracun-

187 2742 273 2806 diam
291 2744 435 2820 tulerim,
468 2747 676 2826 aproposito
708 2769 775 2809 nou
802 2749 992 2823 deflectens,
1025 2757 1102 2807 tunc
1130 2760 1224 2827 puto,

188 2864 262 2906 cum
281 2866 316 2907 se
336 2844 388 2906 isti
407 2847 651 2927 cognoscendos
673 2847 812 2924 dabunt,
843 2869 916 2910 eum
943 2868 1009 2909 nou
1037 2847 1113 2931 quid
1132 2845 1225 2910 dixe·

187 2945 270 3022 rint,
289 2946 347 3008 sed
367 2945 446 3029 quid
465 2949 644 3024 volueriut,
678 2960 829 3032 emerget.
887 2950 948 3012 Ubi
979 2948 1111 3011 consilia
1129 2948 1228 3013 etiam

190 3066 305 3109 eorum
324 3057 448 3127 ternpus
476 3051 609 3128 prodet,
642 3051 711 3130 ipse
739 3037 819 3112 vero
845 3052 1011 3114 manifeste
1042 3050 1106 3128 jam
1133 3049 1225 3125 sciet,
1288 3131 1291 3140 Ι

191 3148 309 3230 quibus
322 3150 489 3230 aliquando
501 3151 698 3233 paedagogis,
723 3172 818 3235 quam
828 3175 893 3214 nou
907 3153 1025 3215 utiliter
1045 3151 1229 3235 gubernatr-
1280 3207 1287 3216 ,

191 3251 268 3312 dum
288 3270 322 3310 se
343 3249 524 3328 praebuerit.
565 3256 674 3331 Quare
694 3253 740 3315 sic
759 3254 835 3316 milri
855 3274 1022 3336 propono,
1043 3251 1228 3335 simplicitet·

192 3362 224 3415 et
237 3353 323 3415 bona
343 3354 408 3415 lide
428 3374 542 3435 gerere
563 3355 680 3417 omnia.
720 3358 762 3418 Et
776 3355 839 3437 jam
856 3367 1027 3438 exspecto,
1047 3366 1082 3416 ut
1100 3373 1229 3416 mecum

192 3458 374 3536 expostulet
394 3456 466 3530 ille,
492 3477 549 3518 cur
569 3467 672 3537 partes
696 3458 750 3519 has
770 3457 908 3518 foveam.
950 3457 1047 3538 Quod
1068 3476 1141 3517 eum
1159 3456 1228 3533 fiet,

191 3567 258 3619 tum
278 3559 418 3641 perbelle
450 3558 580 3620 reddam
601 3557 723 3620 consilii
741 3558 804 3620 ruei
822 3561 990 3620 rationem.
1028 3556 1126 3619 Certe
1151 3576 1229 3637 pro·

189 3659 293 3733 lecto,
316 3660 487 3742 aliquando
508 3679 576 3720 nou
598 3659 751 3742 obsequi,
778 3662 935 3722 summurn
956 3669 1004 3721 est
1025 3655 1229 3740 obsequium.

193 3762 292 3840 Quod
312 3761 338 3819 si
359 3771 421 3821 tarn
437 3761 487 3821 ille
507 3760 619 3837 sciret,
639 3782 726 3823 utum
745 3761 823 3844 quid
843 3761 957 3840 jubere
978 3760 1111 3832 debeat,
1133 3777 1229 3838 quatu

191 3883 272 3945 ega,
295 3861 374 3944 quid
394 3860 470 3922 utile
490 3861 635 3924 futurum
654 3864 711 3938 sit,
740 3865 859 3939 video,
879 3884 946 3924 uon
966 3861 1134 3944 imperaret
1153 3857 1229 3938 jam,

128 4000 132 4005 ·
191 3986 262 4048 quar
276 3984 392 4045 magno
408 3962 579 4045 aliquando
592 3965 634 4027 illi
651 3966 854 4029 incommodo
868 3987 978 4028 casura
993 3975 1077 4029 sunt.
1115 3961 1231 4042 ltaque

189 4066 259 4146 ipse
279 4067 430 4146 impulsus
458 4076 522 4141 est,
554 4088 617 4150 ego
648 4070 793 4149 despexi.
841 4070 946 4150 Ipsum
977 4061 1143 4148 praesentia
1161 4081 1231 4123 mo-

190 4183 284 4242 veut,
307 4188 357 4228 me
381 4167 565 4229 futurorum
578 4169 758 4232 sollicitudo
774 4182 870 4231 tenet.
912 4173 1020 4251 Quare
1035 4188 1101 4228 uon
1114 4182 1232 4244 sequar

188 4268 221 4331 in
242 4290 386 4330 errorem
407 4290 497 4344 etun,
520 4272 577 4331 sed
598 4293 705 4333 errare
730 4275 848 4334 volenti
869 4272 1023 4334 resistant.
1069 4266 1231 4346 Daboque

189 4394 339 4454 operam,
384 4381 415 4430 et
445 4371 621 4434 sublevabo
649 4375 781 4449 scdulo,
810 4397 918 4456 neque
951 4390 1092 4454 uuquam
1123 4366 1232 4448 perire

186 4494 262 4536 euru
282 4474 400 4557 patiar,
430 4475 535 4537 donec
555 4497 573 4536 a
594 4478 690 4537 tutela
716 4476 823 4537 salutis
854 4473 924 4552 ejus
954 4474 986 4535 vi
1012 4482 1152 4535 arrrotum
1180 4488 1232 4531 me
