2618 5108
146 820 218 895 tao
251 765 252 768 Ἴ
480 816 639 917 Spongia
673 817 816 894 Erasmi

147 1005 267 1071 verbis'
285 1029 351 1074 non
390 1021 584 1092 exaggeret,
624 1030 704 1075 cunr⁴
720 1023 878 1093 oporteat
909 1016 1103 1090 orationem,
1131 1028 1177 1080 nt

147 1121 267 1173 vestem
286 1108 434 1191 corpori,
467 1110 514 1172 sic
531 1111 627 1174 rebus
642 1115 718 1175 resse
737 1133 920 1195 congruam.
965 1119 1040 1178 llaec
1058 1118 1176 1180 admo·'

146 1209 226 1274 nitio
245 1211 388 1274 nonnihil
407 1211 487 1274 lucis
514 1211 607 1273 addet
627 1213 738 1274 lectori
770 1213 804 1276 in
833 1225 898 1277 tota
923 1217 1075 1279 oratione.
1116 1220 1174 1282 Ac·

145 1312 282 1396 primum
297 1311 329 1374 in
348 1311 523 1392 effingenda
536 1311 699 1387 oratione,
716 1313 791 1376 vide
805 1314 882 1396 quid
897 1319 997 1378 statim
1009 1329 1165 1380 assumat:

147 1434 220 1488 ,me
234 1412 361 1475 laudare
372 1432 456 1475 nunc
469 1412 718 1474 Hochstrotum.“
755 1414 907 1478 Ostendat
923 1439 1029 1498 quaeso
1048 1421 1166 1494 locum,

146 1511 202 1574 uhi
233 1512 308 1575 mihi
335 1512 478 1574 laudatus
505 1511 544 1574 sit
571 1513 789 1575 Hochstratns.
837 1515 933 1578 Certe
953 1518 1002 1578 illa
1022 1519 1166 1598 epistola,

147 1633 242 1698 quam
271 1611 475 1674 adulatriccm
508 1623 618 1687 vocat,
645 1620 678 1674 ct
704 1616 795 1694 plena
826 1615 975 1679 libertatis
1007 1629 1072 1692 est,
1105 1639 1171 1680 ncc

146 1713 262 1776 aculeis
281 1723 380 1776 vacat.
427 1713 506 1774 Nam
529 1713 618 1795 quod
647 1713 732 1775 illum
758 1714 872 1777 alicubi
898 1739 964 1778 non
983 1719 1173 1783 familiarem·

147 1814 293 1896 quidem,
313 1813 370 1876 sed
391 1823 531 1875 veterem
556 1811 689 1874 amicum
709 1815 851 1895 appello,
877 1816 947 1898 quis
968 1840 1033 1880 iton
1056 1820 1171 1882 intelli·

146 1915 194 1998 git
212 1913 344 1977 subesse
362 1912 521 1975 ironiam?
554 1913 646 1974 Nunc
671 1914 963 1978 sermocinationem
983 1920 1166 1984 audiamur:

147 2018 217 2095 „Tu
235 2017 377 2090 solebas,
396 2014 517 2097 inquit,
539 2013 595 2096 qui
615 2015 675 2075 hoc
695 2016 800 2077 laudas
820 2017 921 2080 scelus
941 2040 1040 2095 nunc,
1061 2025 1168 2084 excla-

143 2139 241 2192 mare,
256 2119 340 2179 hunc
359 2135 429 2177 esse
445 2114 485 2176 ab
498 2112 583 2176 iratis
594 2114 723 2193 Superis
742 2114 908 2179 immissam
926 2118 1018 2180 terris
1032 2131 1166 2198 pestem,

144 2238 214 2302 quaa
236 2216 340 2278 literas
361 2235 397 2277 ac
417 2213 545 2295 ingenia
565 2215 718 2275 conficiat.
757 2216 847 2276 Hanc
866 2237 936 2279 esse
954 2220 1167 2285 calamitosam

145 2316 338 2397 optimorum
370 2313 547 2376 studiorum
583 2312 757 2375 vastitatem
791 2336 827 2377 ac
858 2318 1040 2396 pernicicm.
1091 2323 1169 2383 Hoc

142 2415 262 2478 immite
278 2413 378 2475 omnis
398 2412 594 2475 humanitatis
611 2413 758 2489 exitium,
779 2416 857 2476 hanc
870 2417 950 2482 illam
963 2439 1033 2480 esse
1049 2420 1164 2500 lacent,

141 2535 207 2602 qut
225 2516 304 2578 illud
324 2513 490 2578 exarsisset
510 2515 571 2576 hoc
590 2524 731 2594 tempore
752 2515 950 2593 incendium,
971 2521 1058 2582 unde
1078 2523 1166 2602 pori·

142 2621 248 2683 culum
268 2617 327 2693 sit,
357 2638 398 2678 ne
424 2617 620 2698 conflagrent
639 2635 747 2677 omnes
776 2626 861 2678 recte
880 2619 1039 2681 studiosi.“
1080 2622 1163 2703 Quis

142 2742 209 2783 non
238 2719 340 2781 statim
359 2716 532 2799 intelligat,
562 2717 640 2777 hanc
665 2715 800 2794 phrasim
821 2718 953 2780 Hutteni
976 2742 1062 2797 csse,
1095 2744 1166 2787 nou

141 2819 288 2885 Erasmi?
315 2818 389 2895 Ait,
409 2837 459 2880 me
479 2817 635 2879 neminem
654 2837 719 2878 non
741 2819 915 2894 hortatum,
936 2832 972 2882 ut
991 2822 1167 2904 stringeret

142 2924 293 2985 calaum
318 2918 353 2981 in
381 2919 613 2980 Hochstratum.
664 2916 811 2979 Prolerat
837 2939 952 2994 unum,
984 2932 1015 2982 et
1036 2923 1162 2990 vicerit.

141 3022 221 3082 Nam
245 3019 322 3082 illud
347 3039 480 3100 prorsus
510 3017 584 3080 artis
610 3017 771 3079 rhetorica
792 3019 915 3080 schema
933 3033 1039 3101 putat,
1071 3026 1166 3106 qnod

141 3118 339 3184 humanitatis
370 3118 470 3200 gratia
505 3117 585 3179 nolit
621 3118 767 3195 prolerre
801 3117 947 3198 epistolas
977 3123 1162 3202 homiciths,

140 3219 302 3293 videlicet,
324 3228 360 3278 ut
379 3221 447 3298 plus
461 3218 617 3299 relinquat
634 3216 666 3278 in
681 3217 872 3296 suspicione.
910 3221 984 3281 Non
1002 3224 1163 3304 deprecor

141 3320 219 3406 quin
240 3318 422 3398 proferant,
443 3319 538 3380 modo
552 3314 715 3397 proferant
728 3338 847 3379 omncs.
885 3317 945 3381 Illae
958 3325 1160 3404 convincent,

127 3443 191 3505 ‘mc
218 3441 379 3504 nunquam
410 3419 596 3481 foederatum
630 3417 729 3479 luisse
765 3419 963 3483 Lntheranis.
1013 3425 1095 3488 Mihi
1125 3428 1164 3490 in

140 3524 334 3585 Hochstrato
362 3519 425 3602 jam
445 3520 518 3580 olim
537 3518 694 3599 displicuit
713 3519 831 3581 animus
851 3519 900 3581 illc
919 3522 1030 3598 lerox,
1053 3524 1159 3588 inlen-

142 3620 308 3700 strabonis
327 3621 439 3696 literis,
463 3631 495 3682 ct
507 3619 698 3681 concitandis
716 3620 898 3681 tumultibus
919 3635 1025 3699 natus,
1046 3628 1158 3706 gloriae

140 3723 250 3788 sitiens
271 3744 311 3785 ex
330 3721 464 3783 aliorum
481 3718 568 3782 malis
588 3720 735 3780 collecta.
787 3720 854 3780 Nec
870 3723 1038 3786 'aoncitiam
1056 3728 1159 3790 homi·

138 3823 187 3887 nis
206 3843 346 3906 unquam
365 3820 478 3897 ambii,
511 3839 571 3882 nec
590 3819 773 3880 simultatem
793 3820 935 3883 camillo
955 3826 1042 3887 volui
1062 3849 1158 3890 exer-

139 3944 231 4000 cere,
249 3922 399 3984 uidelicet
410 3923 577 3983 consulens
596 3920 663 3980 otio
682 3920 858 3981 studiorum
876 3944 1029 3986 meorum.
1068 3929 1160 4007 Quid

138 4035 242 4086 antem
261 4022 467 4096 inhumanius,
490 4041 583 4103 quam
599 4019 649 4081 hic
663 4040 840 4093 recensere,
859 4023 935 4105 quid
950 4026 1103 4090 effutitum
1113 4029 1155 4093 sit

139 4123 178 4186 in·
192 4123 299 4185 liberis
318 4119 622 4201 compotationibus,
643 4132 695 4180 aut
712 4121 1018 4188 conlahulationibns
1038 4129 1156 4193 amico·

136 4245 223 4301 rum,
246 4221 338 4304 cujus
360 4242 426 4283 ncc'
437 4220 577 4282 meminit
601 4219 626 4282 is
647 4220 702 4302 qui
716 4220 821 4297 dixit,
850 4244 908 4284 nec
934 4224 967 4287 hi
990 4229 1047 4310 qui
1067 4231 1153 4293 rele-

136 4325 236 4390 runt?
266 4310 389 4386 Verum
413 4319 470 4383 ubi
499 4340 551 4384 res
575 4319 678 4402 agitur
701 4319 803 4397 serio,
824 4334 890 4389 tum
913 4341 1051 4406 apparet,
1073 4331 1159 4413 quiri¹

135 4426 248 4489 lmhcas
266 4412 371 4487 animi.
414 4421 609 4504 Scripseram
635 4421 829 4498 Reuchliuo,
855 4425 946 4490 etiam
965 4439 1037 4491 ante
1057 4451 1156 4514 quam
