2618 5108
177 827 269 901 ⁴258
490 819 532 894 In
557 817 762 894 Concilium
787 819 933 892 Worm.

200 1018 330 1104 quando
350 1013 414 1080 Dei
433 1015 578 1078 mandata
598 1012 803 1095 exponeretis
824 1015 935 1092 nobis,
965 1028 996 1078 et
1019 1020 1231 1109 Evangelium

199 1118 431 1203 praedicaretis,
461 1117 588 1180 interim
618 1126 723 1178 lamen
749 1128 784 1177 ut
814 1139 899 1179 nrrrrc
925 1119 1084 1197 virerum,
1117 1122 1230 1204 utique

199 1224 322 1307 optimo
341 1221 414 1304 jure
444 1217 715 1305 admusilaremus.
764 1218 833 1281 Cur
854 1241 933 1300 crgo
954 1223 999 1282 sic
1019 1223 1078 1302 ipsi
1098 1207 1231 1286 nonvi-

198 1325 295 1388 ritis?
325 1323 369 1388 At
397 1323 459 1405 jam
485 1334 516 1383 et
543 1323 684 1384 docuere
711 1325 800 1395 vos,'
830 1323 855 1382 si
885 1323 987 1384 sciatis
1007 1325 1100 1384 etiam
1120 1328 1230 1406 pudet,

199 1438 232 1491 et
250 1426 385 1507 pessime
406 1425 518 1487 vivere
538 1444 603 1485 non
630 1423 739 1503 pudet.
792 1424 878 1503 Quid
904 1425 1006 1485 adbuc
1029 1429 1232 1489 sacerdotum

200 1543 232 1594 et
250 1515 490 1612 ¹Episcoporum
511 1524 639 1587 nomina
661 1523 833 1585 adscribitis
859 1525 969 1600 vobis,
992 1539 1023 1588 et
1046 1529 1232 1590 ecclesiasti-

200 1652 312 1695 corum
330 1633 429 1693 classe
445 1628 570 1691 censeri
585 1625 705 1688 vultis?
726 1626 836 1685 Potest
854 1626 1023 1709 quicquam
1038 1630 1140 1691 minus
1155 1652 1232 1692 con-

200 1733 329 1807 venire,
352 1753 446 1815 quam
466 1751 540 1791 curn
558 1725 806 1819 hisnominibus
827 1728 939 1789 restris
959 1750 1080 1801 mores,
1112 1745 1233 1794 uestra.

200 1854 266 1918 que
286 1832 378 1895 vita?
406 1832 550 1922 Tandem
570 1830 597 1891 si
617 1829 710 1890 vultis
733 1829 845 1889 sedero
868 1829 898 1888 iu
920 1829 1109 1892 sublimitate
1130 1835 1233 1894 bono·

193 1954 287 2010 rum,
308 1933 401 1995 etiam
421 1930 698 2012 perlectitudinem
719 1929 790 1988 vitre
805 1929 947 2005 induite,
970 1954 1028 1992 nco
1042 1933 1081 1991 ab
1099 1934 1233 2011 Episco.

200 2056 318 2118 porum
348 2033 462 2111 titulis,
500 2033 558 2096 sed
579 2052 678 2092 onere
698 2029 887 2112 gloriamini.
951 2035 1029 2094 Num
1060 2056 1233 2118 quousque

201 2138 337 2201 earnalia
356 2147 465 2199 nostra
484 2133 625 2208 metetis,
648 2153 720 2192 cum
735 2130 907 2211 spiritualia
929 2134 1052 2194 interim
1070 2138 1154 2197 nulla
1174 2160 1234 2198 no·

199 2239 249 2304 bis
274 2236 503 2302 adseminetis?
541 2256 666 2315 semper
695 2255 736 2293 ne
764 2245 872 2293 nostra
899 2235 939 2294 de
967 2236 1102 2315 pecunia
1134 2229 1234 2301 vestri

200 2351 295 2402 erunt
315 2337 487 2418 sumptus?
518 2339 610 2398 etiam
637 2335 677 2395 ad
709 2333 778 2394 vitro
805 2334 1033 2416 turpitudinem
1054 2340 1234 2402 confoven-

200 2438 299 2502 dam?
320 2439 455 2512 Paulus,
484 2457 556 2497 cum
583 2435 793 2516 Evangelium
824 2439 1008 2518 praedicaret
1031 2443 1235 2506 Thessaloni·

201 2537 370 2615 censibus,
389 2560 430 2600 ne
451 2537 544 2600 oncri
563 2548 647 2599 esset
662 2539 710 2612 ³⁸),
731 2540 755 2598 sl
775 2538 901 2618 penitus
922 2560 1035 2603 eorum
1055 2545 1234 2624 sumptibus

200 2624 357 2716 uteretur,
391 2638 443 2700 die
469 2659 506 2700 ac
534 2649 629 2699 nocte
657 2659 738 2718 opus
768 2638 893 2703 iuterim
922 2642 1036 2704 secisse
1060 2667 1095 2706 se
1114 2647 1234 2710 scribit.

199 2742 309 2826 Atque
329 2741 374 2816 is,
396 2740 487 2824 quasi
506 2739 577 2800 ritae
596 2740 752 2802 rationem
775 2763 839 2802 suae
860 2744 1015 2816 reddens,
1046 2747 1233 2812 testificatur

200 2828 456 2907 exhortationem
485 2829 592 2917 suam,
623 2862 690 2901 non
719 2842 820 2905 luisse
840 2865 882 2904 ex
902 2845 1234 2931 impostrua,-neque

200 2967 243 3008 ex
263 2943 477 3033 immunditia,
506 2953 560 3003 aut
579 2964 652 3004 cum
672 2944 765 3018 dolo,
796 2967 903 3027 neque
923 2948 1133 3027 Evangelium
1154 2971 1235 3028 prae·

201 3046 359 3108 dicantem
388 3068 423 3107 se
446 3043 648 3127 qrrresivisse,
676 3055 710 3104 ut
732 3049 870 3124 placeret
888 3047 1087 3124 hominibus,
1121 3052 1177 3110 sed
1197 3063 1235 3113 ut

199 3148 295 3222 Deo,
317 3163 412 3230 atquc
434 3146 531 3227 igitur
552 3144 627 3206 nihil
647 3145 770 3222 studio,
792 3147 942 3223 avaritia,
963 3152 1013 3209 rel
1034 3148 1117 3211 inani
1131 3153 1235 3232 gloria

200 3232 380 3320 dimisisse,
407 3268 506 3308 unum
525 3247 706 3323 laborasse,
728 3258 761 3308 ut
781 3249 907 3327 optimis
929 3269 986 3311 eos
1004 3252 1052 3325 us)
1079 3253 1235 3315 doctrinis

182 3343 232 3412 'el
262 3347 496 3411 visitationibus
528 3347 656 3410 foveret
687 3359 719 3408 et
748 3350 912 3413 enutriret.
963 3354 1040 3414 'l'ale
1071 3353 1235 3435 quippiam

201 3470 260 3514 vos
281 3449 396 3533 agitis?
415 3451 483 3512 Aut
503 3469 576 3509 cum
595 3469 660 3509 non
682 3469 778 3531 agere
794 3473 869 3526 vos,
892 3453 949 3514 sed
970 3475 1010 3514 cx
1032 3466 1100 3514 toto
1121 3473 1234 3519 contra

199 3552 302 3618 tactor
322 3563 419 3636 atque
438 3561 529 3629 aptos
556 3549 678 3626 sciatis,
699 3566 802 3613 tamen
823 3551 856 3612 in
876 3553 1106 3633 Apostolorum
1127 3558 1234 3621 locum

201 3655 325 3717 audetis
364 3649 561 3715 succedere?
601 3662 697 3734 atque
727 3653 788 3713 hoc
824 3665 979 3733 praetextu
1008 3656 1232 3735 immunitates,

168 3835 170 3839 ¹
199 3753 367 3837 privilegia
399 3764 431 3815 et
458 3753 650 3827 libertatem,
699 3774 793 3835 quam
823 3757 908 3816 nulla
938 3757 1114 3837 respublica
1144 3759 1231 3821 ferre

201 3855 321 3938 possit,
343 3853 536 3915 vindicatis?
576 3853 690 3915 Omnia
710 3853 742 3914 in
764 3876 873 3916 omncs
894 3857 988 3918 licere
1012 3859 1104 3920 robis
1126 3862 1232 3936 vultis,

199 3957 234 4018 in
254 3978 314 4018 vos
335 3954 452 4018 nemini
473 3954 669 4038 quicquam?
691 3955 770 4034 Quis
790 3958 903 4017 modus
924 3956 1145 4040 indignitatis?
1165 3966 1234 4025 Aut

200 4068 298 4143 quem
319 4055 511 4138 impotenti-n
532 4058 627 4117 linem
647 4056 814 4119 statuetis?
837 4057 998 4139 Proripite
1019 4081 1035 4121 a
1056 4063 1231 4142 purissimis

199 4155 344 4224 fontibus
372 4181 449 4233 ros,
482 4157 637 4219 immundi
663 4160 762 4238 porci.
796 4160 965 4246 *Excedite
991 4164 1087 4224 sacris
1117 4164 1231 4244 adytis,

199 4261 324 4326 metent
344 4259 570 4340 negotiatores.
609 4260 659 4320 Ne
681 4260 800 4338 tangite
822 4260 967 4324 manibus
986 4264 1080 4325 toties
1100 4269 1230 4347 pollutis

232 4472 268 4544 Ψ)
285 4481 352 4527 ttactr
371 4482 463 4526 oneri:
482 4479 547 4541 ipsiu
560 4477 780 4535 durchgestrirhrn.
851 4469 898 4540 ⁴⁴)
919 4483 989 4527 Eos:
1009 4482 1142 4541 beiuel'ilgl.
