2618 5108
110 60 582 258 ,C-Www·
625 236 644 247 ο
804 236 835 247 n*

339 726 513 799 adversus
537 724 775 824 adsperginea
799 725 961 798 Hutteni.
1093 726 1161 799 ast

147 917 305 992 viderent,
324 928 360 979 ut
378 916 411 978 in
430 917 654 979 Hochstratun'r
674 928 706 980 at
728 917 811 981 illius
830 919 953 981 sodales
972 915 1165 980 moderatius

144 1017 365 1091 inveheretur,
399 1032 474 1083 non,
493 1017 581 1098 qnod
616 1018 698 1081 bene
730 1020 842 1081 vellem
871 1019 1079 1095 Hocbstrato,
1108 1016 1166 1094 sed

145 1119 234 1200 qnod
269 1116 457 1179 Reucblino.
513 1116 546 1179 Si
579 1114 731 1197 capnion
761 1117 866 1180 omnia
891 1141 949 1181 sua
980 1118 1090 1181 solitus
1117 1127 1165 1180 est

135 1219 311 1281 effundere
336 1216 369 1278 iu
399 1217 500 1279 sinum
521 1217 689 1292 Hntteni,·
707 1239 771 1279 non
798 1219 926 1293 dubito,
953 1218 1031 1300 qniu
1060 1229 1092 1277 et
1109 1218 1165 1279 ltus

145 1320 295 1401 epistolas
323 1314 506 1379 ostenderit.
553 1315 636 1379 Cum
666 1316 783 1382 Comes
816 1334 945 1380 anova
971 1317 1088 1400 Aquila
1114 1332 1164 1380 me

146 1418 244 1480 literis
288 1419 483 1491 consuleret,
525 1437 565 1478 an
604 1417 737 1480 deberet
780 1418 967 1484 simultatem
1005 1417 1166 1487 remittere

147 1520 355 1590 Iloelrstrato,
383 1519 444 1579 boc
464 1528 530 1577 tum
549 1518 702 1596 promissa¹
722 1517 879 1597 palinodia
898 1517 1063 1594 ambienti,
1090 1517 1165 1581 tledi

130 1618 321 1693 consilium,
336 1629 371 1678 ut
383 1615 487 1680 animo
501 1616 681 1698 Christiano
694 1616 866 1681 remitteret
880 1616 1036 1697 injuriam.
1055 1620 1165 1700 Atque

144 1720 187 1796 is,
221 1742 293 1781 cnm
324 1723 374 1781 nie
394 1719 634 1781 virulentissime
654 1717 827 1797 impetisset
846 1732 944 1796 Lens,
964 1740 1071 1785 meum
1091 1718 1165 1783 mibi

133 1821 311 1882 ‚consilinm
329 1819 478 1900 ingessit,
508 1821 697 1892 admonens,
727 1829 763 1879 ut
783 1822 873 1901 quod
890 1821 958 1902 ipse
977 1841 1050 1882 meo
1070 1841 1166 1883 suasu

145 1921 273 1982 lecisset
302 1918 333 1979 in
366 1920 573 1992 Hochstrato,
606 1938 691 1978 nunc
722 1919 860 1983 lacerem
888 1919 921 1988 in
956 1922 1040 1982 Leo.
1089 1921 1165 2002 Haec

132 2020 287 2100 epistolis
308 2019 417 2081 doceri
445 2030 600 2100 possunt..
627 2019 710 2082 Cum
729 2020 884 2084 Buscbius
911 2031 994 2085 esset
1019 2018 1163 2083 editurus

148 2142 239 2202 opus,
260 2120 312 2182 cui
332 2120 455 2181 titulum
472 2121 582 2180 vertit:
604 2120 744 2190 „Vallum
764 2121 996 2195 humanitatis“,
1015 2117 1167 2183 admonui

92 2224 94 2228 '
146 2223 323 2296 bominem,
368 2221 586 2283 moderaretur
623 2219 684 2282 stili
717 2221 927 2283 acerbitatem.
976 2220 1166 2282 Moderatus

145 2335 210 2399 est,
238 2334 270 2385 et
297 2321 377 2383 liber
395 2321 511 2401 legitur
529 2319 606 2381 citra
625 2321 778 2382 offensam
798 2320 942 2382 edoctis.
984 2318 1074 2382 Talia
1093 2329 1167 2388 sunt

146 2446 216 2488 mea
237 2424 381 2498 consilia,
403 2443 475 2484 com
494 2442 545 2484 res
567 2420 670 2501 agitur
681 2421 778 2492 serio.
816 2421 988 2504 Nunquam
1005 2440 1078 2494 non
1091 2421 1167 2482 bor·

144 2538 228 2588 tatus
253 2546 323 2588 sum
352 2524 394 2585 ad
421 2521 643 2584 moderatiora.
687 2521 725 2581 ln
751 2520 907 2582 conviviis
932 2531 985 2581 aut
1009 2518 1165 2588 confabu-

133 2626 316 2688 lationibus
348 2620 520 2686 {amicorum
539 2641 665 2704 nugor,
687 2617 841 2702 quicquid
864 2618 899 2682 in
917 2619 1049 2681 buccam
1068 2619 1168 2694 venit,

146 2745 228 2804 sape
259 2725 388 2786 liberius
416 2742 522 2807 quam.
540 2720 681 2803 expedit.
730 2721 773 2782 Et
798 2719 860 2780 lios
884 2717 960 2780 mibi
985 2717 1097 2779 vitium
1118 2727 1167 2780 est

146 2824 330 2896 maximum,
377 2834 413 2886 ut
447 2822 488 2884 ait
520 2820 731 2884 Terentianus
766 2817 818 2881 ille
853 2819 1024 2882 Parmeno.
1086 2815 1167 2897 Quis

146 2939 347 2993 autemnon
380 2921 553 2998 existimet,
580 2943 622 2985 ex
647 2920 789 2985 omnium
813 2917 976 2981 bominum
1001 2916 1166 2981 consortio

136 3027 395 3099 deremendum,
422 3024 450 3087 si
481 3044 543 3104 ego
573 3043 658 3086 nunc
685 3021 781 3085 rebus
809 3016 997 3085 exulceratis
1019 3016 1167 3100 prolerre

135 3128 260 3198 ¹uelim,
292 3147 362 3207 quae
382 3123 471 3185 amici
489 3122 596 3186 liberis
616 3120 815 3208 epistolis-ad
832 3140 883 3189 me
903 3118 1164 3202 perscripserunt,

148 3236 201 3287 aut
228 3244 297 3286 mea
328 3225 392 3285 lide
409 3223 495 3284 ‘ireti
523 3225 607 3305 apud
637 3246 688 3286 me
719 3222 917 3297 effutierant,
951 3221 1044 3284 etiam
1070 3220 1098 3281 ai
1124 3241 1167 3282 ex

148 3324 254 3387 amicis
283 3324 359 3386 lacti
386 3332 491 3386 essent
514 3322 658 3385 inimici?
688 3318 771 3386 Cum
797 3322 957 3385 Huttenus
983 3320 1076 3383 nobis
1095 3341 1168 3383 nar·

147 3439 241 3501 rnret,
255 3446 291 3489 se
300 3424 451 3487 indixisse
464 3422 581 3485 bellum
592 3423 860 3496 Romanensibus,
881 3420 1032 3501 rogabam
1044 3419 1166 3495 ludens,

137 3529 227 3613 ‚quid
240 3527 359 3589 faceret
369 3523 631 3587 Predicatoribus
639 3523 660 3584 ‘l
673 3519 851 3606 Respondit
863 3519 1019 3582 arridens:
1039 3529 1087 3591 „et
1098 3516 1168 3581 illos

147 3633 219 3694 lore
241 3631 483 3692 Romanenses.“
501 3678 505 3685 .
522 3623 608 3688 Dein
626 3624 661 3686 in
675 3621 832 3687 conviviis
852 3619 985 3687 subinde
1006 3618 1169 3699 rogabam,

138 3732 274 3815 -quando
294 3729 447 3809 penderet
459 3723 693 3792 Hocbstrstns‘l
712 3722 906 3805 Respondit:
926 3720 1011 3792 ,hoc
1025 3717 1169 3784 sebrevi

149 3836 356 3894 curaturum.“
394 3828 458 3890 Sed
476 3830 541 3889 baec
560 3827 745 3890 dicebantur
764 3823 810 3885 bis
828 3821 990 3896 vultibus,
1018 3828 1055 3881 ut
1072 3838 1166 3881 nemo

147 3954 212 3994 non
238 3929 447 4010 intelligeret,
476 3939 647 4011 utrumque
679 3936 822 3988 nostrum
849 3918 960 4001 jocari.
998 3919 1067 3981 Jam
1084 3938 1166 3982 vcro

148 4049 300 4114 quorsum
322 4029 432 4089 attinet
451 4047 661 4109 exaggerare,
683 4046 746 4099 me,
774 4024 849 4086 diam
866 4024 960 4102 ,rupto
978 4021 1075 4083 unius
1094 4038 1166 4104 gra·
1180 4018 1192 4039 ⁹

145 4133 235 4205 tiam,
254 4131 356 4209 ipsum
374 4129 408 4190 in
426 4128 564 4189 omnium
585 4128 690 4189 odium
711 4121 917 4206 pertrahere?
936 4118 1104 4195 Arbitror,
1124 4142 1166 4184 ex

149 4232 224 4293 meis
243 4229 366 4310 scriptis
378 4227 504 4308 aliquid
522 4227 647 4289 bonesti
665 4216 800 4287 nominis
814 4242 850 4285 ac
859 4219 979 4284 favoris
998 4218 1166 4284 accessisse

133 4330 314 4408 allotteno,
345 4329 411 4393 odii
436 4350 478 4392 ne
510 4327 619 4390 micam
634 4325 787 4410 quidem.
832 4322 888 4387 Aa
911 4319 989 4386 ideo
1015 4317 1103 4389 venit
1132 4316 1168 4383 in
