2618 5108
204 382 211 402 1

412 870 438 885 ··
497 831 684 936 Dialogus.
1060 836 1129 916 147

10 1113 22 1129 ι
82 1030 162 1095 dere
191 1044 296 1107 susm,
330 1037 367 1092 ut
395 1025 430 1090 iu
457 1026 569 1091 melius
597 1029 662 1092 bsec
693 1024 908 1093 restituantur.
965 1025 1016 1093 Da
1047 1029 1123 1094 mihi

80 1150 274 1216 quemquem
292 1128 332 1191 de
351 1127 487 1211 imperio
506 1129 618 1194 melius
638 1129 695 1215 qui
715 1128 756 1195 sit
773 1131 923 1208 meritus,
944 1150 1040 1215 quum
1058 1131 1124 1210 boc·

81 1229 140 1317 qui
157 1228 252 1294 faciut
270 1230 374 1294 uunci

503 1301 696 1371 Monitor.

158 1407 393 1473 Honestissima
421 1407 535 1484 video,
569 1408 680 1471 conari
709 1419 741 1473 te
767 1408 881 1485 video;
915 1408 961 1470 sic
990 1429 1041 1472 ms
1067 1408 1121 1472 iile

86 1519 192 1575 servet
221 1508 373 1572 Servatur
402 1507 560 1573 Christus.
613 1510 730 1593 Neque
761 1520 811 1573 est
836 1508 901 1590 jam
925 1511 1029 1585 ultro,
1062 1530 1121 1572 cur

84 1609 189 1676 verbo
206 1609 304 1673 velim
323 1610 484 1674 dehortari
503 1620 553 1686 te,
572 1609 633 1674 nisi
653 1611 730 1695 quid
750 1610 877 1674 diversa
895 1610 989 1674 sentit
1000 1611 1118 1689 Cesar,

82 1711 137 1778 eui
155 1708 295 1795 obsequi
314 1712 409 1775 decet
428 1722 478 1789 te,
498 1731 606 1796 neque
626 1711 787 1776 adversari
806 1733 952 1796 usquam.

479 1827 736 1893 Franciscus.

159 1930 207 1997 As
224 1948 277 1995 me
292 1948 376 1996 vcro
397 1928 539 2005 omnium
567 1927 696 1992 minime
715 1925 802 1992 istud
829 1950 847 1991 ι
871 1931 1040 2014 proposito
1062 1935 1119 1997 de·

79 2030 173 2098 mist.
207 2028 325 2113 Cujus
345 2040 382 2093 ut
406 2040 511 2112 puteat
535 2031 617 2093 ratio
643 2029 720 2106 nbi,
751 2029 842 2093 vides
868 2031 925 2117 qui
950 2033 1117 2098 edificium

14 2122 258 2383 ‘xus
296 2152 395 2214 sepe,
441 2131 609 2213 diligenter
646 2134 745 2195 multo
776 2142 849 2194 ante
881 2131 984 2196 sutum
1009 2133 1118 2213 operis

245 2243 357 2316 putare
377 2233 512 2298 secum?

84 2338 106 2377 ··'
508 2348 703 2414 Monitor.
890 2325 894 2334 Ι

10 2418 30 2481 ³³·
158 2440 281 2508 Video.

356 2579 360 2585 .
469 2516 728 2585 Franciscus.

108 2618 114 2641 ¹
158 2620 229 2686 Nec
247 2622 318 2698 ille,
337 2619 364 2685 si
378 2642 433 2700 me
453 2622 576 2698 audiat,
597 2641 689 2685 secus
710 2622 789 2684 huuc
806 2640 875 2684 rem
889 2621 1114 2701 considerabit,

81 2721 297 2806 appensisque
326 2732 455 2799 exacte,
499 2744 570 2806 quse
589 2732 725 2802 possunt
749 2723 898 2798 evenire,
929 2723 992 2784 hoc
1011 2723 1116 2799 saciet,

82 2842 154 2889 non
171 2823 263 2908 quod
282 2821 390 2886 iecere
408 2844 495 2886 nunc
514 2825 599 2899 vuit,
620 2823 678 2885 sed
698 2823 788 2905 quod
799 2822 915 2886 iecisse
929 2824 1005 2885 olim
1019 2824 1118 2886 volet.

32 2906 158 3009 ξξέςο
176 2943 258 3086 verses
279 2923 374 3097 otfficii
387 2925 497 3090 ἒιιοο,
517 2924 769 3087 οῗὲιιιιΙειιέΙΙί,
780 2944 857 3100 ⁰uotn
877 2924 995 3085 qaugod
976 2944 1120 3086 ¹silnlptresc-

350 3046 365 3086 s
480 3047 496 3086 r
576 3045 596 3086 ο
648 3044 690 3086 uo
762 3045 826 3086 ιιι
950 3045 973 3086 u
1011 3046 1054 3086 ιι

77 3026 293 3190 zudpddsdea
313 3045 407 3204 ciues,
437 3046 719 3208 1Ξῗιὶρῗιὶιιιιῑιῖιἰιιιιι
739 3047 893 3206 lisrsssto,⁴
919 3122 1012 3206 cujus
1043 3045 1119 3190 usdi

78 3227 181 3292 vitum
199 3245 333 3310 quoque
352 3225 538 3307 impendere
564 3226 670 3290 velim.
716 3227 778 3291 Dic
795 3226 870 3290 mibi
891 3226 992 3304 euim,
1022 3227 1050 3290 si
1069 3226 1118 3290 fe·

77 3327 244 3396 hictum
275 3326 402 3406 Cesar,
438 3338 472 3391 et
499 3327 648 3411 frigidam
689 3338 857 3412 posceret,
888 3329 1023 3391 dandam
1061 3325 1116 3404 illi,

71 3428 158 3516 quis
175 3429 289 3505 vellet,
308 3427 467 3508 putares?

497 3546 697 3613 Monitor.

155 3648 234 3714 Νοιι
252 3657 416 3733 putarem,
445 3649 549 3714 sciens
572 3650 714 3713 noxiam.

460 3767 715 3832 Franciscus.

153 3867 272 3953 Neque
303 3886 391 3932 sume
418 3869 623 3950 persuadebis
653 3865 747 3945 mibi,
779 3876 816 3930 ut
842 3876 936 3929 autor
969 3863 1115 3959 simei,

76 3984 165 4033 nune
195 3970 328 4055 quidem
356 3980 394 4034 ut
413 3972 512 4035 atiena
529 3968 662 4054 ingessit
681 3967 904 4045 commonitio,
934 3967 1115 4046 arridentis,

74 4090 192 4136 venun
208 4093 336 4137 summm
356 4070 528 4151 aliquando
551 4071 800 4174 perturbationis
819 4089 946 4133 causam
963 4068 1116 4136 suturam.

574 4188 692 4252 nitor.

165 4288 241 4375 lpse
260 4289 391 4378 quidem
409 4190 603 4376 pertidddius
623 4313 691 4355 nou
711 4289 872 4370 suadebo,
904 4290 962 4356 sed
980 4290 1042 4355 boc
1062 4289 1115 4355 ille

74 4389 242 4478 sequitur,
282 4406 315 4459 et
344 4395 504 4459 diversum
540 4393 713 4457 factionem
747 4391 859 4457 edictis
900 4397 1113 4476 percursurus

72 4493 224 4574 videtur,
243 4493 460 4562 interminatum
479 4495 543 4577 jam
562 4515 603 4559 ne
621 4495 693 4583 quis
709 4494 827 4560 deinde
844 4505 919 4577 post
935 4494 1115 4558 Lutberum
