2618 5108
220 1344 562 1438 loannis
625 1345 1014 1465 Hervagii

600 1541 641 1591 sd

112 1680 294 1754 Joannem
312 1679 472 1781 Majum‚
497 1679 709 1754 Bohemicse
730 1703 773 1752 ac
792 1678 987 1779 Ungarieae
1006 1677 1125 1777 Majc·

192 1831 326 1892 statum
351 1815 595 1893 Secretarium
615 1815 781 1915 Epistola
805 1814 1040 1891 dedicatoria.

112 2220 335 2315 Halaesum
347 2251 522 2329 narreris,
540 2252 604 2330 vs,
626 2271 668 2317 na
685 2251 762 2337 quu
775 2232 981 2332 siluarum,
999 2251 1125 2321 mesori

113 2353 226 2436 dignus
247 2353 388 2429 fotmus,
420 2355 538 2416 nullum
563 2351 669 2433 primas
694 2365 775 2416 notre
801 2365 962 2418 auctorem
988 2352 1123 2433 evolvit,

112 2454 197 2516 unde
217 2475 282 2515 uon
302 2453 453 2537 quicquid
472 2454 512 2516 ad
525 2453 693 2534 parandam
711 2454 860 2538 loquendi
880 2453 1124 2534 suppellectilem

113 2574 188 2616 ere
215 2553 397 2630 videbatur,
426 2551 654 2616 accuratissime
683 2554 878 2635 decerperet.
929 2554 967 2616 ld
1000 2554 1122 2624 consilii

112 2657 140 2720 si
160 2675 177 2714 a
196 2656 356 2738 plerisque
375 2665 489 2717 nostro
509 2652 603 2715 aetalis
623 2664 805 2731 caperetur,
824 2651 935 2735 majori
953 2665 1038 2716 certe
1056 2664 1125 2719 tum

111 2759 295 2837 voluptate,
316 2767 382 2818 turn
400 2754 531 2817 ulilitate
551 2751 659 2835 optimi
679 2752 799 2836 quique
818 2766 962 2817 auctores
980 2756 1124 2838 legeren-
1245 2756 1250 2769 '

111 2869 175 2921 tur.
212 2856 301 2920 Nacti
320 2857 416 2939 igitur
436 2862 519 2919 viror
532 2859 580 2916 τόν
601 2859 726 2926 saeuum
744 2851 952 2917 selcelissimis
970 2855 1123 2941 loquen'di

111 2957 255 3020 formulis
275 2979 317 3019 ex
336 2967 490 3022 Sallustio
506 2968 538 3020 et
557 2968 594 3042 Q.
618 2966 725 3021 Curtio
742 2953 952 3035 variegatoru,
985 2976 1021 3016 ac
1039 2957 1123 3021 Hul-

110 3058 175 3121 teni
195 3059 343 3141 scriptum
361 3080 453 3122 manu
473 3058 505 3121 in
527 3057 684 3140 publicum
705 3056 800 3117 edere
819 3053 986 3118 voluimus.
1024 3058 1122 3135 Quod

111 3156 138 3219 si
164 3178 216 3233 ea,
249 3179 318 3240 quse
336 3179 379 3220 ex
401 3144 440 3222 Τ.
458 3166 552 3223 Livio
569 3158 637 3240 pari
662 3153 823 3236 diligentia
842 3174 878 3216 ac
898 3153 1017 3231 judicio
1036 3156 1122 3224 idem

110 3256 272 3318 Huttenus
301 3255 476 3339 congessit,
510 3257 625 3321 habere
654 3254 758 3319 Musis
781 3253 863 3316 bene
887 3251 1121 3323 fortunantibus

109 3354 247 3418 licuerit:
268 3354 375 3418 itidem
393 3357 623 3420 communicare
641 3378 707 3421 non
726 3353 936 3438 gravabimur.
