2618 5108
450 732 717 833 Expostulatio.
1036 743 1113 818 883

76 927 165 992 bent.
206 929 255 992 Te
281 926 322 991 ad
346 926 451 992 subita
475 950 584 994 rerum
612 930 801 1010 flexibilem,
832 951 941 1018 neque
969 953 1112 1018 nuquam

74 1040 215 1106 certum,
250 1020 306 1092 ubi
332 1029 448 1110 pedem
476 1032 573 1112 ligas,
608 1031 666 1094 ubi
693 1045 832 1114 perstas,
851 1033 921 1098 ubi
945 1036 1110 1115 consistas,

76 1152 150 1193 cum
177 1151 217 1193 eo
246 1150 419 1212 properas,
449 1150 516 1213 quo
544 1141 576 1193 te
601 1138 668 1194 n'on
697 1135 775 1199 fides
802 1135 907 1213 ducit,
938 1137 995 1200 sed
1020 1136 1111 1219 cupi·
1154 1152 1158 1168 ·

77 1232 157 1294 ditas
187 1230 288 1305 elicit;
313 1231 391 1292 'non
424 1230 561 1293 officium
594 1244 708 1311 vocat,
754 1235 812 1298 sed
844 1237 969 1300 addicta
998 1237 1112 1302 condi·

80 1332 169 1394 tione
190 1332 289 1413 gratia
308 1330 470 1405 abstrahit;
499 1331 666 1397 sollicitum
685 1357 755 1398 esse
776 1348 920 1418 oportet,
947 1361 989 1402 ne
1016 1337 1110 1421 cujus

80 1435 269 1515 paulopost
295 1432 441 1494 ineundae
468 1432 583 1495 iterum
615 1436 797 1500 mutationis
833 1439 1003 1504 necessitas
1032 1461 1109 1522 pro·

79 1545 237 1615 ponatur:
268 1553 361 1616 quam
388 1545 493 1595 tamen
518 1535 611 1619 sequi
640 1557 713 1599 cum
742 1537 837 1616 velis,
873 1550 940 1603 tum
965 1540 999 1604 id
1028 1539 1110 1603 inte·
1160 1593 1161 1599 ,

79 1657 174 1718 grum
203 1655 270 1695 uon
296 1633 356 1696 sit:
386 1635 578 1719 tandemque
608 1658 648 1698 eo
678 1638 787 1701 redeat
811 1638 870 1703 tibi
897 1661 964 1717 res,
989 1655 1027 1706 ut
1051 1642 1109 1726 qui

78 1733 279 1799 occasionem
307 1735 499 1815 expectasti,
534 1735 669 1818 primum
690 1739 899 1820 adipiscenda
927 1764 969 1806 ex
989 1740 1037 1804 his
1058 1754 1119 1806 tum

76 1836 227 1900 multibus
251 1835 444 1912 securitatis,
467 1836 583 1898 deinde
604 1838 742 1920 ingentis
759 1839 892 1920 alicujus
910 1843 944 1906 in
964 1853 996 1906 te
1009 1865 1120 1909 unum¹

78 1938 238 2000 vertendae
266 1935 391 2017 gloriae,
424 1935 450 1998 is
478 1938 603 1998 tandem
624 1940 789 2023 desperata
814 1942 983 2026 utriusque
1010 1945 1116 2025 partis

79 2039 200 2120 gratia,
228 2058 264 2100 ac
286 2037 319 2099 in
342 2036 447 2099 medio
474 2037 660 2116 destitutus,
696 2040 824 2124 dignam
847 2053 902 2105 tua
922 2043 986 2106 ilde
1008 2045 1109 2107 utrin-

79 2159 144 2223 que
187 2137 221 2200 iu
250 2148 282 2197 te
312 2138 492 2199 mercedem
518 2139 663 2222 accipias.
715 2142 778 2206 Ubi
811 2163 873 2225 ego
902 2141 977 2221 (nisi
1015 2143 1048 2207 in
1075 2155 1108 2219 te

78 2256 183 2302 amare
208 2238 388 2299 hauddum
417 2237 542 2318 penitus
567 2239 742 2318 desiissem)
761 2245 860 2306 semel
880 2242 950 2306 illos
973 2254 1005 2307 ct
1019 2255 1107 2309 recte

77 2338 289 2414 laudaverim,
319 2338 360 2414 si,
393 2339 498 2421 (quod
523 2337 664 2404 lecturos
694 2340 814 2427 alioqui
839 2342 1025 2424 conjecturs
1046 2345 1107 2424 est)

79 2443 217 2527 quisque
246 2437 340 2520 hujus
370 2439 493 2522 nogotii
519 2453 654 2505 eventus
679 2442 796 2520 luerit,
826 2442 930 2527 dignis
951 2455 983 2506 te
1003 2446 1107 2510 modis

79 2542 249 2623 accipiant,
292 2540 429 2622 partium
468 2540 707 2635 proditorem,v
722 2554 754 2605 et
791 2565 887 2627 quem
915 2545 1013 2608 nihilo
1046 2546 1108 2610 sibi

77 2646 241 2735 sidionem,
269 2663 364 2725 quam
377 2641 470 2703 nobis
493 2641 611 2718 lucris,
635 2664 826 2726 praesumere
847 2645 992 2707 audeant.
1032 2646 1107 2710 Scio

26 2782 32 2792 ·
79 2768 176 2831 quam
207 2745 249 2808 sis
279 2766 411 2824 magnus
445 2755 496 2822 tu,
534 2745 703 2808 tractandis
726 2744 868 2807 seeundo
891 2745 985 2808 affatu
1006 2744 1109 2811 homi·

19 2905 22 2935 ἱ
79 2868 158 2911 num
184 2844 306 2908 animis.
352 2845 416 2907 Sed
436 2866 502 2928 quo
521 2843 634 2925 saepius
656 2845 744 2907 bono
767 2842 829 2907 luit
850 2845 1019 2908 assentatio
1037 2845 1105 2926 tibi,

79 2971 119 3014 eo
141 2947 304 3011 sollicitius
335 2946 477 3030 cogitare
509 2967 595 3008 nunc
623 2945 739 3020 debes,
770 2944 941 3028 nequando
969 2944 1109 3010 infortu-

77 3050 166 3114 nium
195 3048 307 3110 cadem
323 3046 517 3110 reconciliet.
548 3046 645 3109 Putas
667 3045 752 3109 enim
767 3043 985 3123 [armamur
1003 3057 1109 3111 ament

78 3163 110 3214 te
135 3150 201 3224 isti,
225 3150 277 3208 vel
302 3147 418 3228 potius,
448 3160 483 3210 ut
503 3146 609 3210 odisse
634 3167 775 3229 unquam
805 3144 969 3222 desinant,
993 3167 1012 3209 a
1039 3168 1106 3232 quo

79 3250 213 3332 primam
237 3259 425 3328 acceperunt
449 3249 544 3311 cladis
570 3271 633 3311 suae
654 3246 802 3330 plagam?
830 3248 904 3310 Nou
929 3248 994 3310 liet.
1032 3249 1107 3311 Non

80 3372 139 3429 per
161 3347 331 3411 Christum.
382 3350 487 3426 Tanto
513 3348 632 3424 minus,
668 3360 787 3432 quanto
810 3368 870 3410 nos
898 3347 1000 3410 acrius
1018 3346 1107 3410 insti·

82 3450 229 3527 terimus,
266 3462 365 3532 coepta
381 3451 546 3532 prosequi.
586 3451 687 3525 Nam,
712 3449 802 3532 quod
824 3448 959 3528 pessime
979 3447 1107 3509 habebit

79 3552 166 3629 illos,
194 3551 345 3636 quamdiu
370 3571 430 3612 uos
453 3549 683 3630 pugnabimus,
712 3548 898 3631 pugnabunt
928 3558 989 3608 tute
1015 3546 1108 3609 simul

77 3655 246 3717 nobiscum
271 3653 377 3714 literae.
416 3652 531 3732 Neque
552 3661 586 3711 tu
613 3651 715 3714 minus
740 3673 759 3712 a
779 3660 888 3711 nostra
910 3668 996 3710 nunc
1017 3658 1106 3730 parte

81 3767 161 3831 stas,
183 3765 353 3836 postquam
379 3752 418 3814 ad
445 3750 514 3812 illos
540 3751 718 3827 descivisti,
741 3772 835 3835 quam
852 3771 924 3811 cum
940 3752 1036 3812 multa
1055 3748 1106 3813 bic

80 3854 242 3939 diligentia
270 3853 420 3935 fidelique
456 3873 554 3931 opera
580 3852 743 3935 negotium
777 3853 838 3914 hoc
867 3852 993 3930 agebas.
1042 3851 1106 3914 Vet

77 3957 178 4020 invito
209 3968 240 4016 te
264 3954 380 4015 auxilia
408 3952 462 4014 abs
493 3963 523 4013 te
552 3964 626 4014 sunt
654 3952 687 4014 in
712 3952 759 4013 bis
789 3952 918 4027 castris,
949 3949 1021 4012 libri
1045 3950 1103 4028 tui,

77 4059 224 4122 meliores
255 4056 329 4129 illis,
364 4075 447 4135 quos
475 4053 594 4115 scribes
623 4064 695 4134 post
722 4073 777 4128 ea,
804 4051 834 4115 si
856 4064 959 4113 tamen
984 4050 1103 4116 scribes

77 4162 176 4233 ullos,
201 4179 261 4218 noc
288 4169 320 4218 te
344 4155 475 4233 turpiter
500 4165 622 4216 mutatae
647 4153 718 4216 vitae
740 4154 882 4232 taedium,
906 4154 946 4216 ad
967 4164 1104 4216 mortem

78 4273 150 4336 aute
179 4260 355 4340 corupcllet.
409 4255 641 4335 Quamobrem,
675 4255 754 4337 quid
794 4260 919 4317 acturus
947 4251 1017 4316 istic
1048 4251 1102 4327 sis,

77 4384 197 4445 magnae
231 4371 264 4421 et
299 4355 438 4422 sollicitae
472 4355 676 4420 dubitationis
710 4367 779 4424 est:
809 4342 859 4420 liic
890 4376 960 4439 quse
997 4350 1101 4435 egisti,
