2618 5108
942 460 947 471 1

433 798 634 875 Praedones
684 805 870 906 Dialogus.
920 748 925 781 Ἴ)
1100 825 1167 898 1⁹9

548 995 763 1061 Huttenus.
815 1046 819 1055 .

222 1086 358 1153 Minime
379 1091 535 1169 omnium,
561 1096 618 1157 aad
638 1109 673 1158 tu
695 1099 785 1180 quod
803 1100 905 1179 nosti,
924 1103 1080 1182 edissere3
1109 1107 1165 1171 ubi

142 1187 234 1253 loeus
258 1189 337 1270 erit,
357 1211 420 1276 ego
439 1214 509 1257 mea
528 1192 724 1276 interjiciam.

529 1327 784 1395 Franciscus.

218 1424 308 1506 Ergo
328 1426 425 1510 longe
451 1428 631 1495 avarissime
658 1431 783 1513 rapiunt
803 1432 988 1497 Sacerdotes
1008 1455 1111 1512 nune,
1131 1448 1164 1500 et

146 1523 234 1604 quod
264 1526 342 1588 nulli
373 1549 507 1611 usrpram
532 1531 668 1594 latrones
696 1532 850 1613 attingere
878 1533 1012 1610 audent,
1043 1534 1077 1597 id
1100 1536 1163 1612 isti,

142 1627 234 1712 quasi
253 1641 309 1691 aut
337 1629 413 1692 solis
443 1630 503 1693 sibi
530 1631 640 1708 liceat,
673 1645 727 1695 aut
747 1634 887 1716 quaedam
905 1634 946 1697 sit
963 1654 1050 1697 sacra
1069 1635 1163 1698 etiam

80 1711 86 1725 ’
138 1731 269 1811 rapina,
304 1729 474 1808 invadunt,
511 1743 605 1815 atque
624 1733 667 1795 ita
685 1722 859 1811 invadunt,
892 1747 929 1796 ut
947 1733 1163 1798 abstinentiam

138 1842 293 1913 praestent
328 1853 495 1916 nusquam.
553 1835 595 1894 Et
626 1835 793 1916 aliquando
811 1832 956 1917 quidem
995 1834 1162 1915 pecuniam

140 1931 395 2007 emendicabant,
430 1932 544 2007 abiis,
576 1954 658 2015 quos
678 1932 727 2008 vi,
759 1955 795 1995 ae
823 1934 971 1995 violentia
1008 1933 1162 2015 diripiunt

139 2052 239 2093 nunc.
276 2034 362 2095 Ecce
388 2032 481 2095 vobis
502 2034 585 2095 enim
604 2034 767 2097 bellatores
787 2036 819 2096 in
841 2033 1009 2096 Germania
1028 2035 1162 2114 Episco-

139 2153 218 2214 pos‚
248 2152 267 2192 a
287 2132 403 2215 quibus
428 2154 516 2214 paene
536 2134 613 2196 nulli
633 2133 694 2211 jam
712 2145 815 2196 tutum
834 2135 907 2198 satis
926 2155 1018 2197 suum
1037 2143 1084 2210 est
1105 2155 1162 2213 pa·

140 2232 335 2295 trimonium.
388 2234 434 2294 lta
462 2233 577 2314 cupida
604 2233 804 2297 eeclesiarum
831 2257 959 2298 suarum
978 2256 1029 2297 res
1050 2243 1159 2315 agunt,

139 2331 237 2414 impia
256 2334 442 2415 proferunt,
474 2333 692 2414 possessiones
721 2329 924 2399 accumulant.
973 2333 1070 2398 Certe
1089 2332 1162 2417 qui-

140 2434 214 2496 dem
245 2431 417 2514 majoribus
447 2436 508 2495 hoe
536 2436 650 2496 nostris
670 2438 859 2514 persuadere
881 2457 975 2499 nemo
994 2434 1162 2516 potuisset,

139 2534 285 2597 futurum
314 2546 387 2615 post
417 2557 467 2611 se,
499 2547 535 2596 ut
561 2535 803 2618 quibuscunque
831 2535 1079 2598 mendicantibus
1099 2545 1162 2598 tam

138 2634 310 2699 liberaliter
330 2636 389 2718 ipsi
409 2636 574 2718 pecuniam
593 2634 714 2717 elargiti
733 2645 853 2713 esseut,
872 2634 895 2698 ii
914 2656 931 2698 a
949 2625 1086 2718 posteris
1107 2631 1162 2697 ali-

140 2737 270 2819 quando
289 2737 354 2800 suis
374 2750 522 2821 raperent
541 2750 602 2801 tam
622 2736 787 2803 violenter.

540 2873 753 2932 Huttenua.

216 2967 350 3047 Quantis
382 2990 445 3052 ego
485 2970 672 3033 clamoribus
707 2972 758 3049 egi
785 2987 853 3028 rem
880 2967 977 3051 lianc,
1010 2963 1067 3028 diu
1097 2964 1162 3046 jam

135 3069 277 3134 necdum
296 3070 447 3151 proficio,
468 3085 521 3133 aut
539 3073 600 3133 hoc
618 3071 725 3133 saltem
740 3067 914 3150 adsequor,
934 3078 969 3128 ut
984 3066 1024 3128 ad
1039 3065 1161 3146 prima-

137 3188 199 3233 voa
232 3173 321 3246 illos,
365 3182 396 3231 et
424 3192 501 3234 vere
532 3170 726 3234 Christianos
755 3177 873 3246 mystus
903 3177 1065 3247 respectus
1095 3167 1162 3231 fiat.

137 3271 259 3335 Omnes
279 3271 442 3332 eeclesiam
463 3292 531 3334 esse
548 3281 677 3353 putant,
703 3291 772 3353 quaa
791 3287 876 3330 nunc
895 3280 959 3344 est,
985 3266 1161 3350 improbam

136 3370 275 3437 istorum
293 3370 472 3436 colluviem.

541 3504 762 3567 Mercator.

213 3605 259 3668 At
276 3604 416 3668 solebam
435 3604 564 3681 audire,
596 3613 737 3685 paratum
755 3620 825 3665 esse
856 3598 1008 3679 populum
1027 3596 1158 3660 Germa·

137 3725 235 3779 num,
256 3715 288 3766 et
306 3707 386 3767 velle
405 3704 545 3785 inprimis
565 3704 721 3778 civitates,
750 3711 786 3761 ut
812 3709 974 3760 censeatur
995 3697 1076 3759 ordo
1094 3698 1157 3773 hic,

139 3814 174 3866 et
192 3803 378 3887 exigantur,
405 3805 462 3889 qui
481 3826 516 3869 ae
535 3805 663 3867 nomine
682 3799 867 3866 sacerdotali
898 3800 1047 3862 hactenus
1069 3798 1158 3859 tutati

138 3915 231 3980 sunt,
264 3926 322 3967 vos
343 3904 486 3982 obstare,
516 3926 577 3967 nac
594 3904 776 3985 permittere
797 3911 949 3984 cognatos
969 3898 1014 3962 ibi
1033 3909 1158 3961 vestros

136 4002 173 4066 in
191 4003 337 4068 ordinem
355 4005 469 4089 redigi.

542 4140 755 4200 Huttenus.

217 4237 316 4317 Quasi
347 4258 427 4300 vero
454 4259 496 4300 ex
527 4238 601 4301 solis
625 4237 786 4299 nobilibus
812 4233 992 4295 sacerdotes
1021 4231 1097 4306 sint,
1126 4242 1159 4292 et

136 4354 206 4399 nou
234 4357 277 4398 ex
308 4338 452 4402 omnibus
480 4338 624 4423 undique
650 4335 816 4401 ordinibus
841 4333 876 4397 in
902 4333 1056 4397 sentinam
1079 4333 1160 4395 hane

137 4434 258 4521 aliquid
275 4440 474 4502 conlluxerit.
