2618 5108
597 117 961 316 ‘lo

370 831 415 907 In
446 832 651 907 Lutlrerum
676 826 781 900 Bulla
803 827 952 907 Leonis
1123 834 1173 904 ,33

136 1027 241 1095 nostri
253 1023 471 1109 Apostolique
489 1022 582 1087 Pauli
599 1022 805 1104 exemplar),
825 1044 893 1083 non
912 1024 1093 1099 occultet),
1113 1024 1172 1088 sed

137 1134 239 1214 palam
256 1140 291 1192 et
310 1128 343 1189 iu
362 1124 445 1190 faeie
464 1115 777 1208 loquereturaquod
797 1123 824 1185 si
842 1123 992 1201 fecisset,
1021 1147 1081 1206 pro
1102 1147 1171 1189 ccr-

142 1244 176 1295 to
200 1241 236 1293 ut
261 1228 467 1302 arbitramur,
497 1225 537 1287 ad
557 1244 614 1287 cor
633 1243 782 1287 reversus
804 1245 930 1288 errores
949 1248 1025 1292 suos
1046 1248 1170 1310 cogno·

139 1333 296 1410 eistete),
330 1349 392 1395 nee
411 1329 445 1392 iu
462 1327 609 1390 Romana
639 1324 745 1400 curia,
778 1346 872 1409 quam
898 1338 1063 1408 tantopere
1082 1329 1171 1392 vania

135 1434 372 1500 malevolorum
390 1428 573 1492 rumoribus
602 1427 673 1508 plus
702 1447 799 1508 (pram
822 1429 969 1510 ¹oportuit
999 1429 1172 1494 tribuendo

136 1538 322 1618 vituperat,
341 1542 391 1593 tot
407 1531 577 1610 reperisset
597 1539 699 1590 errata
713 1529 757 1604 d);
776 1528 957 1594 docuissem
976 1551 1079 1613 usque
1099 1550 1174 1594 eum

138 1640 215 1702 luce
233 1633 373 1709 elarius,
405 1641 528 1694 sanctos
549 1630 708 1692 Romanos
728 1629 902 1692 Pontifices
922 1632 1173 1713 praedecessores

136 1748 289 1812 mosmos,
309 1754 393 1818 quos
412 1744 526 1814 preter
537 1750 664 1794 omnem
677 1731 866 1795 modestiam
878 1732 1034 1813 injuriose
1049 1735 1175 1810 lacerat,

138 1842 174 1905 in
195 1838 263 1905 suis
283 1835 479 1913 canonibus,
505 1856 564 1897 seu
590 1831 887 1909 constitutionibus,
917 1855 996 1919 quas
1024 1836 1176 1900 mordere

138 1942 272 2017 nititur,
291 1957 467 2021 numquam
486 1955 608 1998 errasse
623 1933 676 2008 e),
688 1934 764 2016 quia
783 1933 872 2011 juxta
892 1938 1094 2017 prophetam,
1115 1952 1176 2002 nec

139 2045 175 2109 ia
203 2041 327 2106 Galaad
355 2037 478 2113 meina,
511 2056 573 2098 nec
603 2034 746 2098 medicus
773 2036 875 2099 deest.
927 2039 990 2100 Sed
1011 2039 1176 2102 obaudivit

142 2164 288 2224 semper,
311 2152 344 2203 et
362 2137 512 2221 predicta
531 2135 680 2199 citatione
699 2136 847 2199 omnibus
867 2148 900 2200 et
913 2137 1044 2221 singulis
1064 2158 1176 2219 snpra·

145 2245 238 2308 dictis
259 2235 391 2323 spretis,
412 2239 525 2302 venire
544 2237 746 2318 contempsit,
768 2258 805 2299 ac
820 2259 923 2321 usque
939 2240 973 2301 in
988 2243 1177 2321 praesentem

145 2346 228 2409 diem
257 2355 448 2417 contumax,
487 2351 582 2423 atque
609 2337 713 2402 auimo
743 2338 891 2402 indurato
918 2362 1068 2406 censuras
1095 2346 1179 2406 ultra

146 2467 266 2509 annum
293 2442 442 2508 sustinuit
452 2443 494 2520 t);
520 2453 551 2504 et
580 2442 670 2524 quod
697 2441 837 2503 deterius
863 2453 929 2518 est,
959 2443 1078 2507 addens
1098 2446 1179 2506 mala

148 2548 251 2624 malis,
278 2545 320 2608 de
341 2543 491 2608 citatione
508 2540 693 2622 hujusmodi
711 2540 855 2604 notitiam
873 2543 991 2606 habens
1011 2543 1043 2605 in
1062 2565 1178 2608 vocem

153 2645 326 2712 temerarie
346 2643 564 2728 appellationis
583 2642 731 2730 prorupit
751 2643 792 2707 ad
809 2642 954 2708 futurum
972 2645 1139 2709 concilium
1147 2645 1176 2723 t)

149 2796 377 2815 m

181 2883 214 2948 ε’)
230 2887 278 2943 ab
297 2885 452 2956 exemplo.

180 2981 215 3045 b)
232 2984 278 3036 Aa
295 2980 327 3034 ia
348 2978 472 3034 occulto
501 2978 621 3035 locutus
642 2986 706 3045 est,
735 2978 785 3048 qui
807 2985 901 3033 totam
925 2995 1003 3050 pene
1021 2977 1177 3050 Europam

215 3065 438 3139 predicationis
458 3079 520 3118 suae
540 3064 639 3117 auditu
657 3062 817 3134 implevit?

183 3159 214 3230 a)
230 3161 300 3216 lioe
318 3158 441 3230 quidem
473 3156 625 3211 oredimus
650 3156 744 3211 semel
773 3155 827 3210 abs
852 3165 882 3234 tc
908 3167 1066 3227 acceptum
1083 3158 1178 3228 illum,

215 3258 372 3315 nunquam
391 3243 484 3296 luisse
503 3252 608 3313 postea
629 3241 789 3313 quiequam
808 3241 993 3298 locuturum.

177 3338 325 3407 ·i)Tuoe
356 3351 449 3405 coges
480 3335 600 3389 nescire
629 3334 770 3389 homiues
806 3352 871 3406 quae
899 3336 1021 3404 vident,
1052 3353 1180 3409 queque

217 3424 340 3480 sciunt?
361 3421 442 3496 Quid
461 3421 581 3474 tandem
601 3437 663 3473 non
675 3419 823 3490 permittis
842 3420 916 3476 tibi?
938 3422 1022 3476 illam
1042 3421 1180 3476 omnium

216 3510 369 3564 malorum
387 3506 554 3574 sentinam,
574 3505 645 3559 illud
664 3507 799 3561 omnium
812 3506 1012 3577 pessimorum
1026 3508 1180 3561 scelerum

219 3593 420 3659 domicilium,
439 3590 538 3646 omnis
548 3590 623 3646 labis
634 3592 794 3664 omnisque
808 3592 976 3645 foedissinrae
989 3591 1181 3662 turpitudinis

220 3676 465 3751 receptaculum,
495 3676 566 3730 illud
583 3677 713 3747 publicae
730 3678 797 3731 vite
819 3679 1009 3746 contagium,
1040 3692 1181 3730 commu.

218 3782 289 3819 aem
315 3763 514 3836 pestilentiam
533 3791 566 3804 —
591 3763 700 3817 urbem
719 3762 852 3819 Romam
876 3760 1073 3835 persuadebis
1090 3762 1181 3818 nobis

219 3867 280 3904 non
300 3865 370 3905 ease
391 3849 504 3904 talem?

188 3948 214 4007 ι)
232 3943 317 3998 Nihil
341 3958 381 3997 ae
409 3951 438 3997 te
465 3941 557 4014 pudet
583 3918 751 3997 Pontifex?
789 3939 825 3995 ad
849 3941 968 3996 nullum
989 3942 1181 3997 mendacium

222 4028 354 4082 frontem
373 4027 490 4082 mutas?
522 4026 579 4081 Sed
597 4025 670 4080 nihil
687 4025 798 4080 horum
818 4024 989 4092 scriberes,
1017 4027 1122 4081 uisite
1142 4025 1181 4081 ab

223 4114 305 4167 omri
323 4111 481 4167 honestate
502 4126 641 4165 aversum
658 4111 791 4166 traheret
806 4111 943 4182 pecuniae
962 4111 1105 4169 studium.

189 4204 215 4273 t)
233 4206 312 4280 Quis
331 4206 467 4275 ignorat,
496 4221 552 4259 cur
572 4213 731 4276 tantopere
749 4205 852 4274 cupias
870 4205 978 4260 Roma
995 4204 1100 4260 videre
1118 4204 1189 4260 Lu..

222 4292 367 4346 theram?

189 4387 218 4457 ς)
235 4386 306 4441 lioe
324 4384 396 4440 illud
414 4383 533 4440 tandem
554 4393 599 4440 eat
624 4381 727 4452 nefas,
759 4384 842 4438 ouini
859 4383 976 4439 seelera
995 4379 1181 4456 sceleratius,

221 4469 376 4542 appellare
392 4470 429 4524 ad
450 4473 585 4527 futurum
607 4469 795 4525 concilium?

191 4570 413 4630 ammam
817 4546 841 4611 3
