2618 5108
73 39 959 402 -

483 805 589 879 Bulla
639 805 826 907 Dialogus.
1115 817 1161 892 73

584 1001 720 1063 Bulla.

219 1100 282 1181 Qui
304 1100 445 1165 obnoxie
465 1101 540 1166 mihi
559 1101 719 1179 serviunt,
739 1099 824 1186 apud
841 1107 899 1170 hos
913 1108 1074 1192 querelam
1086 1124 1162 1171 con·

140 1211 188 1262 lia
209 1224 259 1265 ane
279 1201 446 1265 institues?

552 1305 756 1370 Libertas.

219 1404 284 1485 Qui
303 1404 361 1468 tibi
381 1405 550 1468 serviunt?
570 1427 590 1467 ο
605 1407 757 1471 nefariam
770 1411 899 1473 vocem!
922 1428 943 1471 o
955 1430 1023 1473 rem
1035 1411 1163 1476 minime

138 1506 325 1569 serendam!
360 1504 436 1568 Tibi
462 1506 515 1569 tali
543 1507 719 1572 Germanos
745 1511 866 1573 'servire
885 1510 1003 1574 dicere.
1045 1513 1162 1597 Audite

85 1607 89 1612 ’
139 1610 314 1683 Germani,
346 1606 453 1671 audite
480 1607 594 1688 ingena
614 1608 792 1690 piaculum,
821 1613 934 1675 vestris
963 1611 1092 1695 quidem
1115 1612 1164 1674 in·

139 1710 276 1792 dignum
294 1710 442 1784 auribus,
461 1709 519 1772 aed
537 1710 757 1772 vindicandum
777 1712 937 1788 manibus,
957 1713 1022 1776 hac
1041 1713 1163 1776 servire
1279 1787 1280 1791 η

138 1811 201 1876 sibi
230 1833 289 1873 vos
319 1808 426 1890 jactat.
464 1811 614 1874 Enecale.
652 1811 824 1875 Protesile.
860 1811 1049 1902 Maledicam
1067 1811 1163 1876 inler-

138 1911 288 1994 stringite
304 1912 420 1993 gulam.
438 1996 440 1999 Ι
995 1908 997 1913 ’

592 2015 715 2076 Bulla.
842 2079 849 2091 f

219 2114 356 2177 Pulchre
375 2112 490 2195 incipis
506 2116 619 2176 malum
639 2113 807 2179 conciliare
827 2113 894 2179 libi.
995 2192 998 2198 Ι

546 2215 747 2279 Libertas.

221 2315 296 2380 Tibi
318 2318 416 2379 multo
437 2317 539 2380 adhuc
557 2315 727 2397 pulchrius.

581 2418 608 2480 B
619 2439 640 2479 u
651 2418 678 2478 ll
690 2437 717 2480 a.

218 2519 305 2602 Quid
326 2521 389 2596 ais,
420 2519 577 2582 stabulum
594 2516 721 2601 flagitii,
756 2529 792 2584 lu
808 2491 884 2586 milri
902 2518 1082 2586 conciliabis
1101 2539 1166 2584 ma·

139 2625 207 2686 lum
225 2621 389 2708 unquam?

559 2721 759 2785 Libertas.

219 2822 307 2906 Quid
327 2822 390 2898 ais,
409 2823 482 2887 lons
501 2823 570 2886 vitii
582 2834 614 2884 et
632 2820 783 2905 perjurii,
803 2821 862 2886 tihi
875 2841 934 2904 ego
953 2843 1019 2886 non
1035 2843 1095 2906 pro
1111 2832 1166 2884 tna
1277 2869 1279 2873 ,

139 2926 200 2989 ina
217 2923 372 2988 malitiosa
391 2925 518 2988 demum
537 2924 678 2989 malitia?

582 3026 714 3089 Bulla.

217 3128 260 3188 Et
291 3127 367 3190 dum
397 3126 539 3190 ferocem
570 3137 603 3190 te
620 3125 695 3190 mihi
714 3125 810 3202 sacis,
840 3124 948 3189 infima
971 3145 1078 3189 rerum
1099 3143 1166 3189 om·

137 3226 258 3290 nium?

553 3326 755 3390 Libertas.

217 3426 337 3507 Quidni
357 3425 489 3505 faciam,
511 3427 567 3491 cui
582 3425 732 3491 sevitiam
752 3439 786 3489 tu
807 3425 977 3490 obtendis?

588 3530 721 3593 Bulla.
1103 3584 1109 3593 .

216 3634 320 3710 Quam
342 3641 377 3693 lu
397 3651 571 3712 provocas,
592 3633 730 3693 clamore
749 3625 809 3690 ist'o
830 3638 897 3690 tuo.
936 3629 1015 3692 Nam
1035 3623 1113 3709 quid
1126 3624 1167 3687 ad

140 3739 191 3806 le,
211 3730 301 3814 quod
324 3731 501 3795 Lulhe‘rum
520 3752 584 3814 ego
603 3729 770 3816 quesitum
789 3725 852 3790 huc
871 3726 1008 3791 adveni?
1028 3725 1116 3809 Quid
1135 3737 1165 3791 te

141 3829 295 3897 immisces
315 3832 419 3895 alieno
439 3832 599 3916 negotio?
1085 3825 1090 3842 “

548 3933 750 3995 Libertas.

218 4033 317 4115 Quasi
337 4033 469 4096 dubium
488 4055 568 4096 vero
587 4032 646 4109 sit,
675 4051 769 4114 qnam
795 4051 863 4095 rem
882 4049 971 4114 agas,
1007 4049 1080 4093 eum
1098 4030 1165 4093 Lu·

142 4136 264 4197 {herum
292 4135 443 4218 persequi
470 4145 501 4196 te
526 4133 624 4209 dicis,
659 4143 712 4194 aut
741 4132 941 4195 manifestum
960 4130 1104 4205 nonsit,
1126 4131 1165 4192 ad

140 4235 203 4299 hoc
221 4233 348 4297 venisse
366 4247 417 4309 lu,
451 4247 487 4297 ut
501 4235 630 4298 vincula
655 4233 777 4313 injicias
803 4232 894 4311 mihi,
928 4244 960 4295 et
980 4232 1166 4314 despicabili
1247 4275 1255 4306 ,

140 4334 295 4398 serviliae
314 4337 465 4401 irretitam
484 4337 599 4399 reddes
620 4335 830 4397 Germaniam.
873 4334 910 4395 ld
931 4335 1020 4416 quod
1039 4355 1089 4398 me
1109 4355 1165 4397 va·

138 4447 185 4501 tas
206 4435 362 4521 prodere,
383 4452 416 4502 et
435 4439 571 4502 elamore
591 4441 699 4519 palam
718 4437 825 4502 facere
844 4435 1005 4519 prohibes.
