2618 5108
49 784 66 812 ⁶
137 786 211 864 too
280 738 283 744 Δ
480 784 640 889 Spongia
662 787 807 863 Erasmi

137 990 276 1045 eandam
299 1000 369 1046 esse
394 982 532 1046 Romani
551 982 716 1047 Pontificis
743 981 956 1057 autoritatem,
988 979 1074 1043 idem
1091 998 1161 1041 uon

135 1081 280 1144 dubitem
308 1082 414 1145 dicere
442 1084 482 1145 de
503 1083 634 1164 singulis
655 1085 841 1165 Episcopis,
871 1083 969 1146 modo
989 1102 1030 1142 ne
1050 1078 1162 1159 preci·

137 1181 226 1262 piant
254 1181 366 1262 impia3
402 1183 464 1264 jam
496 1183 580 1246 enim
609 1184 759 1247 desinunt
787 1204 856 1246 esse
886 1178 1048 1262 Episcopi.
1085 1177 1162 1242 Dici

136 1282 195 1343 vix
214 1294 328 1363 potest,
349 1304 443 1366 quam
458 1284 636 1363 periculose
652 1288 788 1364 populus
809 1293 976 1358 assuescat,
997 1279 1163 1362 oppedcrc

139 1380 233 1462 iussis
256 1383 506 1463 Episcoporunr,
538 1385 599 1446 hoc
624 1383 733 1460 titulo',
767 1385 855 1468 quod
881 1382 952 1445 mali
971 1381 1050 1454 sint;
1082 1401 1163 1442 mox

138 1481 224 1544 enim
253 1503 312 1544 nec
342 1483 433 1545 bonis
461 1484 521 1545 erit
549 1483 634 1545 dicto
663 1484 804 1547 audiens.
860 1481 979 1562 Objicit
1008 1492 1040 1541 et
1070 1480 1186 1557 illud.

137 1582 229 1664 quod
249 1602 290 1642 nc
318 1593 420 1645 morte
438 1583 569 1665 quidem
598 1584 710 1645 alicubi
738 1585 917 1667 scripserim
936 1604 987 1644 mc
1005 1583 1160 1644 divellen-

136 1683 212 1744 dum
237 1703 255 1743 a
274 1684 350 1744 sede
370 1684 523 1746 Romana.
563 1683 740 1747 Dicendum
759 1688 819 1747 hoc
839 1698 925 1759 erat,
946 1704 1017 1744 cum
1038 1683 1162 1744 delatus

71 1838 88 1847 „
138 1802 258 1858 essem,
290 1785 378 1865 quod
408 1784 637 1865 conspirassent
669 1785 819 1847 adversus
848 1786 955 1846 sedem
975 1786 1163 1846 Romanam.

137 1884 225 1964 Quid
255 1896 320 1946 tum
349 1886 478 1964 postea?
509 1887 561 1947 An
585 1884 659 1946 ideo
679 1888 834 1946 confirmo
863 1884 1078 1962 tyrannidem,
1107 1895 1166 1946 aut

135 1983 213 2047 vitia
225 1985 496 2048 Romanensinm?
515 1985 625 2060 Addit,
645 2006 695 2046 me
715 1987 776 2046 hoc
792 1985 991 2066 impudenter
1009 1985 1162 2061 scribere,

137 2086 194 2169 qui
214 2085 307 2148 toties
327 2085 525 2148 discesserim
553 2085 665 2148 assde
687 2087 840 2148 Romana.
891 2084 958 2146 lmo
978 2086 1040 2147 hnc
1059 2085 1165 2164 impu·

135 2186 249 2248 denter
269 2185 360 2269 lingit
374 2187 544 2248 Huttenus.
584 2185 706 2262 Scripta
726 2206 796 2271 mea
814 2185 976 2247 diversum
995 2186 1163 2248 clamitant.

42 2288 45 2296 '
138 2287 207 2348 Nec
225 2284 299 2345 ideo
320 2285 450 2348 discessi
470 2305 487 2345 a
504 2286 580 2348 sede
597 2288 755 2360 Romana,
779 2287 805 2348 si
820 2288 960 2368 quaedam
979 2285 1059 2347 illius
1077 2286 1163 2348 sedis

106 2419 109 2425 ·
134 2382 332 2463 improbavi3
372 2385 436 2446 imo
468 2395 541 2447 sunt
568 2385 650 2447 inter
678 2388 956 2460 Antilntheranos,
990 2385 1046 2468 qni
1075 2387 1165 2448 ‹lam-

134 2494 228 2558 nant,
259 2485 349 2567 qnod
368 2483 541 2548 Pontifices
560 2487 709 2549 hactenns
737 2488 914 2550 habuerunt
940 2488 1044 2549 omnia
1064 2509 1161 2549 vena·

135 2585 193 2660 lia;
221 2606 282 2648 nee
315 2587 388 2648 idco
416 2585 605 2649 defecerunt
637 2590 749 2650 eserie
778 2591 931 2651 Romana.
978 2588 1111 2670 Alioqui
1130 2599 1165 2650 ct

137 2687 244 2752 Caesar
266 2686 366 2750 ethic
384 2688 537 2751 Pontifex
558 2688 761 2751 recessissent
789 2691 901 2750 assde
921 2690 1080 2763 Romana,
1105 2688 1163 2771 qui

135 2793 317 2852 consultant
358 2789 399 2850 tle
430 2790 576 2851 tollendis
613 2789 694 2851 illius
725 2789 820 2852 vitiis.
858 2787 997 2867 objicit
1026 2800 1057 2847 ct
1083 2787 1162 2851 illud

134 2892 224 2975 quod
245 2889 360 2953 alicubi
378 2889 573 2970 scripserim:
595 2892 692 2969 „Quis
712 2911 777 2952 non
794 2890 900 2951 faveat
916 2889 985 2969 ejus
1003 2889 1160 2970 dignitati,

135 2994 192 3075 qui
212 2991 380 3054 virtutibus
400 2991 602 3073 Evangelicis
622 2991 783 3053 Christum
802 2991 894 3053 nobis
915 2990 1159 3072 repraesentat?“

137 3093 224 3172 Quid
241 3092 291 3153 hio
305 3093 509 3154 calumniatur
522 3092 704 3153 Haltenus‘?
723 3093 904 3167 Admoneo,
926 3095 1050 3172 qualem
1064 3112 1161 3171 opor·

135 3200 203 3252 leat
230 3212 299 3252 esse
326 3192 532 3265 Pontificem,
570 3202 602 3253 et
637 3201 790 3274 quatenus
829 3193 871 3253 illi
903 3192 1074 3253 favendum
1109 3190 1160 3253 sit.

138 3291 218 3367 ,Sed
238 3291 315 3353 dicis
339 3292 400 3353 hoc
422 3294 582 3373 liguratc.“
622 3290 706 3372 Quid
726 3291 841 3367 refert,
867 3291 962 3354 sires
983 3302 1015 3352 et
1035 3303 1158 3372 tempus

30 3392 32 3396 ⁷
135 3395 269 3476 figuram
289 3392 452 3471 postulet?
473 3391 534 3453 Ubi
553 3412 632 3452 vero
652 3390 768 3466 scribo,
789 3413 839 3454 me
859 3411 967 3453 sanare
989 3413 1082 3472 posse
1102 3393 1157 3455 has

136 3494 341 3558 discordias?
376 3493 529 3574 optarim,
549 3495 661 3572 posse!
682 3493 779 3571 Quod
799 3493 825 3553 si
844 3514 986 3572 possem,
1014 3514 1079 3553 non
1101 3495 1161 3556 du·

28 3609 32 3617 “
135 3607 243 3659 tarent
278 3594 310 3655 in
340 3593 520 3655 crastinum.
561 3592 645 3663 „Sed
676 3595 790 3666 clama,
822 3592 941 3674 inquit,
972 3614 1013 3654 ne
1042 3614 1160 3669 cesses,

136 3695 283 3757 annuntia
302 3697 421 3774 populo
440 3695 558 3754 scelera
573 3696 718 3754 eoruml“
741 3691 880 3753 Clamavi
896 3692 1041 3765 liberius,
1065 3713 1161 3775 qnam

137 3815 207 3857 mea
227 3795 357 3856 fortuna
375 3794 516 3868 serebat,
545 3804 576 3854 et
596 3790 666 3872 ejus
695 3803 742 3855 est
761 3795 892 3853 ciamare
913 3793 944 3855 in
966 3794 1066 3854 aliena
1086 3815 1160 3873 peo-

136 3907 223 3969 cata,
245 3894 301 3977 qui
320 3894 388 3975 ipsc
408 3892 553 3955 immunis
576 3892 615 3953 sit
651 3914 668 3952 a
687 3892 831 3972 peccatis.
872 3895 944 3975 Ego
965 3893 1090 3972 parcius
1113 3895 1161 3954 in·

137 4007 242 4057 sector
261 3995 360 4056 aliena
381 3982 541 4074 peccata,⁸
562 3991 636 4076 quia
662 3994 735 4055 mihi
765 4014 896 4075 quoque
923 3994 1069 4054 conscius
1089 4015 1160 4055 sum

136 4098 308 4159 multorum
328 4094 544 4155 admissorum.
593 4092 715 4154 Clamet
734 4097 906 4169 Huttonus,
931 4096 1026 4155 homo
1048 4116 1160 4174 purus,

137 4195 173 4259 in
193 4218 288 4280 quern
307 4196 381 4257 nihil
402 4195 538 4257 criminis
557 4194 657 4275 possit
677 4195 792 4275 regeri.
843 4196 916 4254 Non
935 4219 1003 4258 sum
1024 4210 1158 4280 Eram,

138 4288 169 4363 et
190 4300 239 4362 hic
257 4298 388 4379 jubetur
406 4297 439 4357 in
459 4298 611 4378 populum
632 4298 774 4357 clamare.
818 4296 977 4359 H'utlcnus
997 4322 1047 4361 me
1068 4299 1159 4380 jubet

138 4404 271 4464 clamare
290 4397 324 4460 in
337 4395 520 4481 Principes,
546 4418 618 4459 curn
637 4395 787 4478 scriptum
806 4395 865 4457 sit:
886 4399 1027 4481 Principi
1046 4403 1158 4484 populi
