2618 5108
408 800 454 872 ue
479 779 639 895 spongia
662 797 855 871 erasm*
1047 784 1115 864 stt

101 1005 316 1080 propagarunt
347 996 543 1058 innumeram
573 991 820 1069 multitudinem,
850 984 1058 1075 Ermgelium
1076 1002 1118 1055 rte

100 1110 198 1159 unum
229 1092 374 1178 quidem,
406 1116 512 1176 neque
538 1112 617 1156 vero
646 1094 771 1157 mirum.
823 1092 984 1176 Siquidem
1014 1113 1057 1165 ne
1074 1114 1117 1155 ex
1201 1123 1204 1126 ·

102 1197 246 1260 Mosaios
269 1195 398 1278 quidem
417 1197 505 1275 lege,
539 1216 616 1257 vere
645 1195 724 1258 boni
753 1194 816 1256 viri
846 1193 920 1255 lacti
947 1208 1036 1268 sunt,
1056 1190 1118 1256 nisi

101 1309 256 1380 quatenus
271 1295 370 1376 adjuti
383 1281 569 1375 Evangelio.
608 1294 771 1376 Papisticae
782 1294 983 1367 traditiones,
1005 1305 1120 1376 praetet·

103 1399 228 1461 inanem
248 1395 457 1477 hypocrisim,
478 1397 623 1457 iecenrnt
642 1397 732 1459 ctiam
744 1398 844 1477 palam
858 1397 973 1471 malos,
996 1408 1119 1470 avaros,

102 1500 294 1580 petulantes,
322 1497 490 1577 sacrilegos
511 1497 701 1572 nebulones,
721 1498 925 1571 temulentos,
946 1495 1123 1557 contentio.-

105 1619 176 1674 sos,
207 1599 366 1680 pertidus,
400 1596 570 1658 Missurum
597 1598 795 1674 venditores,
827 1597 915 1660 aurei
945 1592 1122 1679 purgatorii

104 1699 329 1773 somniatores,
356 1696 497 1759 animalia
515 1697 650 1772 ventris,
684 1698 751 1761 otio
770 1696 1000 1774 deditissimus,
1034 1706 1125 1762 Gna.
1215 1765 1225 1782 ,

104 1818 209 1879 tunes,
241 1809 444 1877 Thrasone,
469 1797 669 1877 fastidiosos,
702 1800 763 1862 hoc
786 1813 838 1862 est
869 1804 1026 1877 φιλαύτου,
1062 1800 1126 1862 hott

106 1913 155 1964 est
173 1903 246 1964 Deo
268 1901 420 1976 odibiles,
440 1901 581 1976 invidos,
602 1901 789 1976 iracundos,
808 1900 987 1982 reipublicae
1005 1911 1124 1980 pestes,

106 2002 237 2076 edaces,
264 2005 476 2086 πορνολῶτςας,
500 2001 695 2076 immundos,
725 2001 883 2063 adulteros
912 2011 945 2064 et
972 1999 1126 2083 pessimos

108 2120 267 2184 quosque.
302 2101 381 2182 Quis
400 2103 483 2164 enim
503 2102 691 2184 compendio
709 2110 855 2164 numeret
871 2100 1051 2164 universam
1065 2102 1128 2165 Pa·

109 2201 291 2285 pisticarum
312 2203 453 2266 sordium
471 2201 616 2266 lernam?
648 2213 743 2284 atque
761 2200 811 2276 lri,
831 2201 888 2284 qui
906 2200 977 2263 talia
993 2201 1125 2277 iaciunt,

109 2303 224 2365 fovent
245 2302 353 2378 etiam,
383 2316 455 2366 sunt
472 2306 617 2385 primates
637 2301 671 2363 in
688 2318 790 2385 reguo
810 2301 984 2385 Papistico,
1011 2302 1127 2387 quibus

108 2420 175 2465 uon
194 2422 286 2465 secus
303 2422 389 2487 [cum
406 2403 545 2475 Lutheri
570 2401 713 2467 doctrina
745 2403 910 2479 convenit,
941 2413 1036 2487 atque
1060 2402 1129 2485 igni

110 2519 182 2565 cum
202 2522 301 2585 aqna,
330 2524 388 2568 seu
413 2504 509 2585 paleis
537 2488 609 2567 cum
633 2504 757 2580 tritic03
789 2505 930 2581 bisunt,
952 2504 1129 2589 dequibus

111 2601 199 2684 Esaj.
218 2598 282 2666 V.:
314 2605 371 2690 qui
391 2596 501 2668 dicurr't
519 2606 630 2667 malum
647 2605 783 2680 bonum,
809 2613 842 2665 et
866 2604 986 2669 bonum
1004 2605 1128 2682 malum,

111 2715 266 2785 ponentes
291 2705 436 2769 tenebras
464 2709 564 2768 lucem
593 2715 626 2767 et
650 2708 751 2768 lucem
777 2705 940 2782 tenebms3
975 2715 1130 2787 ponentes

111 2812 247 2866 amarum
271 2803 306 2867 iu
337 2806 446 2884 dulce,
475 2820 507 2869 et
526 2806 624 2869 dulce
648 2805 682 2868 in
706 2824 861 2882 amarrmt,
894 2808 950 2890 qui
969 2805 1132 2887 'sortientes

112 2903 237 2966 suntin
263 2905 363 2969 oculis
382 2908 448 2970 suis
467 2922 500 2970 et
519 2919 626 2970 cotem
647 2906 779 2987 seipsis
798 2905 989 2986 prudentes,
1018 2914 1132 2988 poten·

113 3014 160 3068 les
195 3004 234 3067 ad
264 3006 438 3070 bibendum
476 2999 602 3083 vinum,
641 3005 702 3070 viri
736 3008 837 3070 lones
853 3038 855 3043 ·
873 3009 913 3072 ad
943 3008 1134 3071 miscendam

23 3143 26 3149 >
114 3106 315 3183 ebrietatem,
354 3107 410 3190 qui
438 3107 610 3188 justificant
633 3108 763 3190 impium
793 3128 853 3189 pro
886 3108 1070 3172 muneribus
1101 3120 1134 3173 et

113 3204 263 3286 justitiam
282 3205 358 3286 justi
377 3207 525 3270 auferunt
545 3209 584 3270 ab
602 3228 659 3285 eo,
681 3209 865 3292 abjecerunt
883 3212 984 3293 legem
1003 3207 1135 3274 Domini

116 3307 334 3385 exercituum,
367 3320 399 3370 et
425 3308 587 3392 cloquium
614 3312 712 3373 sancti
737 3313 838 3376 Jsraiil
869 3310 1134 3392 blasphemarunt,
1191 3335 1195 3344 ·

118 3408 174 3491 qui
195 3409 320 3471 trahunt
339 3409 542 3492 iniquitatem
560 3412 593 3471 in
621 3411 769 3474 funiculis
791 3412 954 3487 vanitatis,
986 3421 1018 3472 et
1045 3408 1136 3494 qnasi

115 3511 276 3573 siliculum
308 3512 438 3594 rulanttri
468 3523 631 3592 peccatum
651 3523 712 3574 etc.
767 3511 850 3575 Cum
888 3513 951 3586 iris,
990 3509 1133 3594 inquam,

115 3612 141 3672 si
165 3613 295 3675 cumino
321 3615 443 3695 placet,
472 3612 584 3674 sortist
600 3616 749 3677 Erasmus
772 3614 857 3694 ipse,
883 3612 912 3675 si
937 3611 1006 3673 vult
1025 3613 1137 3674 adoret

114 3712 244 3777 bestiam
263 3713 360 3791 iilam,
380 3734 451 3798 quae
473 3715 501 3775 ἓν
520 3722 554 3783 τῆ
572 3718 841 3799 meminerimus,
859 3715 910 3777 usis
930 3719 959 3776 ir
980 3722 1012 3783 τῆ
1031 3723 1130 3782 >stom

117 3812 173 3876 tros
202 3835 272 3876 sese
292 3816 451 3890 venditum
477 3815 517 3877 de
537 3815 688 3878 universo
705 3832 810 3898 regno
831 3812 990 3898 Papistico
1007 3818 1137 3898 loquor.

116 3914 190 3994 Ego
211 3925 321 3975 eontra
339 3917 442 3978 sentio
460 3935 535 3979 cum
556 3917 717 3992 Lulhero‚
737 3916 795 4000 qui
814 3918 896 3998 piam
915 3917 1010 3979 docet
1029 3935 1139 3996 capes·

118 4028 193 4074 cere
212 4010 329 4089 vitam,
359 4015 423 4076 imo
437 4016 558 4093 vivaci,
586 4017 776 4101 arrlmttique
796 4038 878 4079 voce
897 4036 954 4079 sua
974 4017 1062 4098 pettit
1079 4019 1138 4080 lto-

118 4113 252 4188 minem,
282 4114 381 4175 veluti
394 4124 472 4177 dmm
491 4118 672 4193 eutoritnte,
694 4127 730 4178 ut
747 4118 895 4180 etneudet
915 4116 1021 4178 vitam.
1059 4117 1139 4179 Vox

119 4213 203 4275 enim
233 4216 282 4290 (ut
309 4223 342 4274 et
364 4214 440 4277 alias
468 4217 580 4292 solet,)
611 4228 658 4278 est
676 4220 780 4280 multo
807 4216 950 4280 vivacior
974 4215 1078 4293 libris,
1107 4228 1140 4279 et

120 4312 251 4374 omnino
280 4315 459 4394 exemplum
486 4329 562 4381 Ares
603 4328 773 4399 sequutus,
811 4310 973 4400 pudeiacit
1007 4314 1138 4377 elioemi·

120 4424 211 4478 natos
239 4414 338 4492 istos,
368 4426 400 4478 et
426 4417 472 4480 de
508 4427 592 4480 terra
621 4416 749 4481 aulem
775 4430 927 4499 conante,
956 4426 1138 4500 purgatque
