2588 5048
297 759 472 842 adversus
498 756 738 860 adsperginee
762 758 928 849 Hutteni.
1044 757 1116 847 ‚alil

102 951 315 1028 datissimnm,
348 972 410 1017 nec
445 974 586 1039 unquam
614 960 720 1015 tamen
747 953 820 1024 satis
850 953 1027 1031 laudatum,
1056 952 1143 1035 hoe*
1222 949 1224 952 ’

101 1055 194 1119 etiam
228 1054 289 1135 ipsi
319 1052 479 1138 Theologi
512 1045 731 1118 Lovaniensee
767 1077 840 1119 cum
867 1058 933 1131 risu
963 1058 1121 1138 legerunt,

102 1155 307 1219 laudabatur
353 1153 437 1221 enim
483 1154 630 1238 quotidie
678 1154 861 1218 solennibus
901 1154 1052 1219 encomiis
1086 1155 1120 1236 ip

101 1258 225 1330 schola,
252 1269 399 1338 tanquam
416 1254 697 1340 ⁴‘vicecancellarius
723 1254 793 1336 ejus
813 1257 1000 1318 Academiae.
1037 1253 1121 1335 Mihi

100 1371 187 1421 certe
202 1359 290 1440 qnod
307 1359 346 1421 ad
362 1356 459 1435 ipsius
476 1368 615 1423 naturam
635 1357 799 1430 attinebat,
819 1378 885 1420 non
899 1367 965 1418 erat
980 1355 1121 1439 iniquus,

104 1461 160 1543 qui
188 1462 274 1522 solita
307 1441 447 1521 omnium
475 1470 567 1520 autor
601 1458 677 1534 tuit,
723 1458 807 1538 pacis
842 1478 913 1521 eum
944 1457 1118 1540 'theologie

100 1560 279 1622 sarciendae.
318 1558 471 1621 Doctrina
490 1556 675 1640 judicioque
694 1561 792 1640 longo
811 1559 974 1622 intervallo
990 1579 1121 1637 supera-

97 1662 153 1724 bat
174 1683 293 1724 emrics.
338 1661 433 1734 Mihi,
463 1661 634 1723 meriturus
663 1659 755 1721 etiarn
781 1658 990 1729 denunciabat
1009 1679 1119 1739 pacem

99 1774 130 1823 ct
150 1762 332 1836 amicitiam,
353 1762 442 1844 quod
458 1762 497 1823 ad
514 1762 616 1842 ipsum
629 1760 784 1824 attineret.
820 1759 968 1841 Denique
988 1772 1119 1837 veretpp

99 1868 275 1936 Huttcnus,
311 1883 351 1924 ne
384 1883 455 1924 cum
482 1863 553 1925 Leo
587 1882 718 1942 quoque
751 1861 784 1922 in
816 1862 947 1942 gratiam
979 1862 1119 1924 redeam.

99 1965 168 2025 Nec
195 1962 226 2024 id
257 1980 409 2042 gravarer
441 1962 565 2038 lacere,
599 1962 700 2023 dicam
725 1960 809 2024 enirn
830 1961 985 2042 ingenue,
1020 1963 1045 2024 si
1065 1963 1116 2026 itta

100 2064 272 2124 declararet
298 2061 434 2124 animum
463 2061 596 2125 amicitia
615 2061 755 2143 dignum.
804 2063 939 2135 salutari
958 2063 1119 2137 hominem

101 2162 214 2224 Caletii
240 2163 324 2224 forte
356 2161 502 2238 obvium,
536 2172 568 2225 et
587 2163 730 2229 dextram
751 2162 869 2232 dextrae
888 2162 991 2243 junxi.
1028 2165 1117 2246 Quid

95 2261 147 2336 ni,
174 2284 247 2324 eum
266 2260 335 2341 'jam
363 2261 445 2325 inter
472 2283 532 2329 noe
552 2263 739 2327 debellatum
760 2264 865 2326 esset?
886 2263 1043 2328 Caeterum
1062 2266 1117 2333 adr

96 2385 209 2427 versus
228 2364 331 2425 Leum
350 2362 424 2424 nihil
442 2364 609 2429 atmterunt
623 2364 772 2427 momenti
788 2365 903 2429 auxilia
920 2366 1116 2429 Germanica.

95 2464 181 2528 Cum
198 2462 384 2526 scriberent
412 2463 502 2525 amici
532 2463 697 2540 Germani,
730 2467 781 2527 vel
813 2465 913 2528 invito
944 2487 1012 2541 me,
1036 2445 1117 2532 Gen·

96 2585 207 2628 manos
226 2565 450 2627 dilaceraturos
477 2564 597 2638 Leum,
619 2565 930 2645 primum'dissuasi,
952 2566 984 2629 id
1004 2567 1030 2630 si
1050 2589 1117 2642 non

95 2686 224 2746 possem
252 2665 412 2739 obtinere,
441 2665 608 2741 admonui,
638 2676 673 2727 ut
693 2667 884 2747 argumentis
910 2678 1040 2747 agerent
1058 2690 1124 2748 po·-

94 2765 175 2839 tius,
197 2787 291 2848 quarn
313 2765 483 2841 conviciis,
504 2763 704 2845 cumprimis
725 2777 827 2829 autem
848 2779 1057 2849 temperarent
1075 2769 1117 2839 ab

96 2866 214 2946 injuria
232 2868 352 2948 gentis,
372 2867 460 2950 quod
478 2877 582 2929 tamen
600 2867 718 2928 facturn
739 2888 804 2928 non
825 2878 872 2929 est
885 2891 934 2937 me
948 2871 1118 2937 vehemen-

96 2978 146 3031 ter
175 2967 384 3046 improbante.
437 2967 606 3047 Dialogum
632 2968 783 3030 adversus
815 2968 920 3029 Leuni
949 2969 1112 3050 scriptum,

95 3078 279 3130 constanter
297 3087 333 3128 ae
353 3078 509 3146 perpetuo
528 3067 683 3129 damnavi.
722 3068 802 3130 Post
820 3067 979 3150 ingentem
1000 3071 1118 3151 episto-

96 3171 196 3231 tamn
234 3165 437 3242 fasciculum,
476 3186 494 3228 a
522 3168 656 3230 diversis
696 3168 827 3231 eruditis
862 3170 934 3232 satis
964 3171 1118 3244 hostiliter

96 3266 247 3346 scriptum
266 3269 298 3328 in
311 3268 426 3341 Leum,
447 3268 527 3329 adeo
545 3268 663 3348 pressi,
682 3277 718 3328 ut
736 3269 862 3331 duobus
875 3281 994 3335 tantum
1011 3273 1117 3343 amicis

95 3366 229 3431 fecerim
242 3367 428 3448 inspiciendi
442 3369 582 3446 copiam,
604 3379 728 3451 Dor-pio
749 3382 781 3432 et
799 3382 900 3434 More
908 3403 921 3445 ,·
941 3384 973 3434 ct
988 3373 1117 3455 quibua-

96 3468 168 3531 dam
188 3468 384 3531 hortantibus
405 3479 441 3530 ut
461 3470 656 3550 evulgarem,
676 3472 838 3551 respondi,
858 3471 932 3532 mihi
953 3472 1114 3534 decretum

96 3590 166 3634 esse
197 3569 363 3653 quiescere
391 3567 424 3631 in
462 3580 641 3649 posterum,
685 3573 712 3632 si
748 3573 990 3654 conquiesceret
1017 3573 1116 3634 Leus.

91 3672 221 3746 Habes,
251 3672 370 3747 lecton,
400 3668 522 3745 omnia,
557 3669 672 3751 quibus
701 3672 821 3734 enimus
840 3671 972 3734 Hutteni
993 3682 1117 3751 poterat

92 3770 281 3832 exulcerari.
333 3771 441 3853 Atque
459 3770 492 3832 in
519 3771 566 3833 his
590 3770 696 3846 vides,
728 3793 821 3854 qnam
847 3773 922 3834 nihil
942 3773 997 3846 sit,
1027 3772 1116 3854 quod
1164 3848 1165 3852 Ἰ

86 3870 258 3955 Insignem
279 3869 371 3931 etiam
390 3870 555 3933 amicitiam
569 3871 699 3933 deberet
711 3872 870 3934 dirimere.
909 3871 1015 3934 Venio
1029 3891 1115 3939 nune

95 3968 136 4028 ad
155 3967 245 4042 illud,
269 3970 359 4050 quod
377 3969 428 4030 ille
448 3973 515 4032 vult
534 3992 603 4035 esse
623 3972 719 4035 totius
739 3993 839 4035 causae
854 3983 957 4053 caput.
995 3973 1032 4036 ln
1046 3992 1113 4055 quo

94 4078 199 4131 tamen
227 4090 292 4130 non
318 4071 448 4149 expedit
473 4072 603 4135 nimium
622 4073 749 4152 probari
768 4075 932 4147 Hutteno,
960 4094 1019 4148 ne,
1038 4075 1115 4139 dun

96 4170 227 4247 Scyllam
246 4169 355 4252 fugio,
384 4171 510 4236 deferar
538 4174 570 4235 in
591 4172 792 4252 Charybdim.
832 4173 870 4235 ld
888 4171 933 4235 ita
950 4173 1112 4252 proponit,

96 4281 132 4330 ut
157 4270 259 4332 statim
285 4269 461 4354 conjungat
485 4275 551 4335 duo
579 4275 679 4353 palam
703 4272 881 4347 salsissima,
912 4293 962 4334 me
988 4274 1112 4350 pridem

32 4375 37 4382 ‘
95 4369 196 4433 luisse
213 4370 360 4437 iectionis
372 4373 579 4452 Lutberanae,
599 4394 685 4438 nune
703 4372 776 4436 totis
790 4372 911 4438 viribus
926 4390 1112 4458 oppugnare
