<?xml version="1.0" encoding="UTF-8"?>
<!DOCTYPE html PUBLIC "-//W3C//DTD XHTML 1.0 Transitional//EN"
    "http://www.w3.org/TR/xhtml1/DTD/xhtml1-transitional.dtd">
<html xmlns="http://www.w3.org/1999/xhtml" xml:lang="en" lang="en">
 <head>
  <title>
</title>
<meta http-equiv="Content-Type" content="text/html;charset=utf-8" />
  <meta name='ocr-system' content='tesseract 3.04.00' />
  <meta name='ocr-capabilities' content='ocr_page ocr_carea ocr_par ocr_line ocrx_word'/>
</head>
<body>
  <div class='ocr_page' id='page_1' title='image "./ulrichiabhutten00mngoog_0124.png"; bbox 0 0 2618 5108; ppageno 0'>
   <div class='ocr_carea' id='block_1_1' title="bbox 199 820 889 920">
    <p class='ocr_par' dir='ltr' id='par_1_1' title="bbox 199 820 889 920">
     <span class='ocr_line' id='line_1_1' title="bbox 199 820 889 920; baseline 0.003 -23"><span class='ocrx_word' id='word_1_1' title='bbox 199 822 269 901; x_wconf 67' lang='lat' dir='ltr'><strong>tte</strong></span> <span class='ocrx_word' id='word_1_2' title='bbox 529 820 703 911; x_wconf 69' lang='lat' dir='ltr'><strong>,Monitor</strong></span> <span class='ocrx_word' id='word_1_3' title='bbox 739 821 889 920; x_wconf 55' lang='lat' dir='ltr'><strong>primus»</strong></span> 
     </span>
    </p>
   </div>
   <div class='ocr_carea' id='block_1_2' title="bbox 119 1014 1227 1501">
    <p class='ocr_par' dir='ltr' id='par_1_2' title="bbox 119 1014 1227 1501">
     <span class='ocr_line' id='line_1_2' title="bbox 193 1014 1226 1098; baseline -0.001 -15"><span class='ocrx_word' id='word_1_4' title='bbox 193 1016 271 1083; x_wconf 80' lang='lat' dir='ltr'><strong>lacit</strong></span> <span class='ocrx_word' id='word_1_5' title='bbox 290 1024 395 1080; x_wconf 86' lang='lat' dir='ltr'><strong>autem</strong></span> <span class='ocrx_word' id='word_1_6' title='bbox 414 1015 471 1098; x_wconf 77' lang='lat' dir='ltr'><strong>qtti</strong></span> <span class='ocrx_word' id='word_1_7' title='bbox 489 1025 522 1078; x_wconf 88' lang='lat' dir='ltr'><strong>te</strong></span> <span class='ocrx_word' id='word_1_8' title='bbox 542 1024 720 1098; x_wconf 87' lang='lat' dir='ltr'><strong>sequuntur</strong></span> <span class='ocrx_word' id='word_1_9' title='bbox 747 1015 881 1081; x_wconf 77' lang='lat' dir='ltr'><strong>infestos</strong></span> <span class='ocrx_word' id='word_1_10' title='bbox 909 1014 1059 1080; x_wconf 87' lang='lat' dir='ltr'><strong>Pontifici</strong></span> <span class='ocrx_word' id='word_1_11' title='bbox 1078 1018 1226 1082; x_wconf 86' lang='lat' dir='ltr'><strong>Romano</strong></span> 
     </span>
     <span class='ocr_line' id='line_1_3' title="bbox 194 1116 1227 1200; baseline -0.001 -18"><span class='ocrx_word' id='word_1_12' title='bbox 194 1139 327 1194; x_wconf 90' lang='lat' dir='ltr'><strong>omnes,</strong></span> <span class='ocrx_word' id='word_1_13' title='bbox 347 1139 365 1179; x_wconf 87' lang='lat' dir='ltr'><strong>a</strong></span> <span class='ocrx_word' id='word_1_14' title='bbox 385 1137 452 1200; x_wconf 90' lang='lat' dir='ltr'><strong>quo</strong></span> <span class='ocrx_word' id='word_1_15' title='bbox 473 1116 649 1197; x_wconf 81' lang='lat' dir='ltr'><strong>perictdum</strong></span> <span class='ocrx_word' id='word_1_16' title='bbox 667 1127 715 1189; x_wconf 85' lang='lat' dir='ltr'><strong>est</strong></span> <span class='ocrx_word' id='word_1_17' title='bbox 734 1116 865 1199; x_wconf 88' lang='lat' dir='ltr'><strong>ingens,</strong></span> <span class='ocrx_word' id='word_1_18' title='bbox 885 1139 928 1181; x_wconf 92' lang='lat' dir='ltr'><strong>ne</strong></span> <span class='ocrx_word' id='word_1_19' title='bbox 944 1117 1078 1179; x_wconf 82' lang='lat' dir='ltr'><strong>fulmine</strong></span> <span class='ocrx_word' id='word_1_20' title='bbox 1100 1122 1227 1183; x_wconf 87' lang='lat' dir='ltr'><strong>anathe-</strong></span> 
     </span>
     <span class='ocr_line' id='line_1_4' title="bbox 119 1215 1222 1300; baseline -0.004 -16"><span class='ocrx_word' id='word_1_21' title='bbox 119 1273 132 1299; x_wconf 77' lang='grc'><strong><em>,</em></strong></span> <span class='ocrx_word' id='word_1_22' title='bbox 193 1220 283 1284; x_wconf 89' lang='lat' dir='ltr'><strong>matis</strong></span> <span class='ocrx_word' id='word_1_23' title='bbox 301 1237 427 1281; x_wconf 86' lang='lat' dir='ltr'><strong>omnem</strong></span> <span class='ocrx_word' id='word_1_24' title='bbox 440 1219 536 1281; x_wconf 89' lang='lat' dir='ltr'><strong>semel</strong></span> <span class='ocrx_word' id='word_1_25' title='bbox 552 1219 689 1280; x_wconf 89' lang='lat' dir='ltr'><strong>scholam</strong></span> <span class='ocrx_word' id='word_1_26' title='bbox 700 1226 786 1278; x_wconf 87' lang='lat' dir='ltr'><strong>tuam</strong></span> <span class='ocrx_word' id='word_1_27' title='bbox 798 1215 947 1300; x_wconf 81' lang='lat' dir='ltr'><strong>dissipet,</strong></span> <span class='ocrx_word' id='word_1_28' title='bbox 966 1230 999 1278; x_wconf 89' lang='lat' dir='ltr'><strong>et</strong></span> <span class='ocrx_word' id='word_1_29' title='bbox 1012 1219 1222 1295; x_wconf 83' lang='lat' dir='ltr'><strong>comminuat;</strong></span> 
     </span>
     <span class='ocr_line' id='line_1_5' title="bbox 194 1316 1226 1403; baseline 0 -19"><span class='ocrx_word' id='word_1_30' title='bbox 194 1341 302 1403; x_wconf 84' lang='lat' dir='ltr'><strong>neque</strong></span> <span class='ocrx_word' id='word_1_31' title='bbox 321 1340 387 1381; x_wconf 93' lang='lat' dir='ltr'><strong>non</strong></span> <span class='ocrx_word' id='word_1_32' title='bbox 406 1318 541 1381; x_wconf 89' lang='lat' dir='ltr'><strong>minatur</strong></span> <span class='ocrx_word' id='word_1_33' title='bbox 568 1319 629 1380; x_wconf 88' lang='lat' dir='ltr'><strong>hoe</strong></span> <span class='ocrx_word' id='word_1_34' title='bbox 654 1316 706 1379; x_wconf 92' lang='lat' dir='ltr'><strong>ille</strong></span> <span class='ocrx_word' id='word_1_35' title='bbox 732 1318 806 1396; x_wconf 83' lang='lat' dir='ltr'><strong>jam.</strong></span> <span class='ocrx_word' id='word_1_36' title='bbox 856 1322 963 1402; x_wconf 84' lang='lat' dir='ltr'><strong>Quare</strong></span> <span class='ocrx_word' id='word_1_37' title='bbox 985 1318 1226 1384; x_wconf 87' lang='lat' dir='ltr'><strong>desciscendum</strong></span> 
     </span>
     <span class='ocr_line' id='line_1_6' title="bbox 132 1415 1057 1501; baseline -0.002 -17"><span class='ocrx_word' id='word_1_38' title='bbox 132 1484 135 1490; x_wconf 81' lang='grc'><strong>,</strong></span> <span class='ocrx_word' id='word_1_39' title='bbox 195 1421 250 1484; x_wconf 80' lang='lat' dir='ltr'><strong>abs</strong></span> <span class='ocrx_word' id='word_1_40' title='bbox 269 1431 302 1482; x_wconf 91' lang='lat' dir='ltr'><strong>te</strong></span> <span class='ocrx_word' id='word_1_41' title='bbox 325 1419 539 1500; x_wconf 86' lang='lat' dir='ltr'><strong>intempore,</strong></span> <span class='ocrx_word' id='word_1_42' title='bbox 560 1415 644 1501; x_wconf 81' lang='lat' dir='ltr'><strong>siqui</strong></span> <span class='ocrx_word' id='word_1_43' title='bbox 664 1438 735 1481; x_wconf 87' lang='lat' dir='ltr'><strong>esse</strong></span> <span class='ocrx_word' id='word_1_44' title='bbox 754 1418 833 1481; x_wconf 88' lang='lat' dir='ltr'><strong>salvi</strong></span> <span class='ocrx_word' id='word_1_45' title='bbox 851 1420 1057 1482; x_wconf 83' lang='lat' dir='ltr'><strong>voluerimus.</strong></span> 
     </span>
    </p>
   </div>
   <div class='ocr_carea' id='block_1_3' title="bbox 269 1542 824 1724">
    <p class='ocr_par' dir='ltr' id='par_1_3' title="bbox 269 1542 824 1724">
     <span class='ocr_line' id='line_1_7' title="bbox 602 1542 824 1606; baseline 0.009 -3"><span class='ocrx_word' id='word_1_46' title='bbox 602 1542 824 1606; x_wconf 85' lang='lat' dir='ltr'><strong>Lutherus.</strong></span> 
     </span>
     <span class='ocr_line' id='line_1_8' title="bbox 269 1639 824 1724; baseline -0.005 -15"><span class='ocrx_word' id='word_1_47' title='bbox 269 1644 333 1709; x_wconf 89' lang='lat' dir='ltr'><strong>Sed</strong></span> <span class='ocrx_word' id='word_1_48' title='bbox 356 1643 412 1707; x_wconf 90' lang='lat' dir='ltr'><strong>ubi</strong></span> <span class='ocrx_word' id='word_1_49' title='bbox 431 1643 478 1706; x_wconf 79' lang='lat' dir='ltr'><strong>sie</strong></span> <span class='ocrx_word' id='word_1_50' title='bbox 497 1639 639 1724; x_wconf 83' lang='lat' dir='ltr'><strong>judicant</strong></span> <span class='ocrx_word' id='word_1_51' title='bbox 657 1641 824 1706; x_wconf 82' lang='lat' dir='ltr'><strong>homiues?</strong></span> 
     </span>
    </p>
   </div>
   <div class='ocr_carea' id='block_1_4' title="bbox 192 1765 1225 2556">
    <p class='ocr_par' dir='ltr' id='par_1_4' title="bbox 604 1765 833 1830">
     <span class='ocr_line' id='line_1_9' title="bbox 604 1765 833 1830; baseline 0.009 -2"><span class='ocrx_word' id='word_1_52' title='bbox 604 1765 803 1830; x_wconf 82' lang='lat' dir='ltr'><strong>Munitor.</strong></span> <span class='ocrx_word' id='word_1_53' title='bbox 829 1793 833 1802; x_wconf 90' lang='lat'><em>·</em></span> 
     </span>
    </p>

    <p class='ocr_par' dir='ltr' id='par_1_5' title="bbox 192 1864 1225 2556">
     <span class='ocr_line' id='line_1_10' title="bbox 268 1864 1225 1954; baseline 0.001 -21"><span class='ocrx_word' id='word_1_54' title='bbox 268 1869 380 1954; x_wconf 81' lang='lat' dir='ltr'><strong>Vulgo</strong></span> <span class='ocrx_word' id='word_1_55' title='bbox 396 1866 537 1948; x_wconf 84' lang='lat' dir='ltr'><strong>judicant</strong></span> <span class='ocrx_word' id='word_1_56' title='bbox 549 1864 767 1948; x_wconf 78' lang='lat' dir='ltr'>pertinaciter,</span> <span class='ocrx_word' id='word_1_57' title='bbox 788 1866 870 1929; x_wconf 89' lang='lat' dir='ltr'><strong>illius</strong></span> <span class='ocrx_word' id='word_1_58' title='bbox 882 1868 994 1946; x_wconf 83' lang='lat' dir='ltr'><strong>partim</strong></span> <span class='ocrx_word' id='word_1_59' title='bbox 1008 1881 1106 1944; x_wconf 86' lang='lat' dir='ltr'><strong>metu,</strong></span> <span class='ocrx_word' id='word_1_60' title='bbox 1127 1890 1225 1953; x_wconf 89' lang='lat' dir='ltr'><strong>quem</strong></span> 
     </span>
     <span class='ocr_line' id='line_1_11' title="bbox 195 1966 1223 2048; baseline -0.002 -13"><span class='ocrx_word' id='word_1_61' title='bbox 195 1972 360 2036; x_wconf 80' lang='lat' dir='ltr'><strong>offendere</strong></span> <span class='ocrx_word' id='word_1_62' title='bbox 379 1990 473 2031; x_wconf 90' lang='lat' dir='ltr'><strong>nemo</strong></span> <span class='ocrx_word' id='word_1_63' title='bbox 490 1979 591 2029; x_wconf 89' lang='lat' dir='ltr'><strong>tutum</strong></span> <span class='ocrx_word' id='word_1_64' title='bbox 608 1966 795 2043; x_wconf 79' lang='lat' dir='ltr'><strong>arbitratur,</strong></span> <span class='ocrx_word' id='word_1_65' title='bbox 815 1971 925 2048; x_wconf 88' lang='lat' dir='ltr'><strong>partim</strong></span> <span class='ocrx_word' id='word_1_66' title='bbox 945 1970 991 2031; x_wconf 91' lang='lat' dir='ltr'><strong>tui</strong></span> <span class='ocrx_word' id='word_1_67' title='bbox 1007 1972 1101 2033; x_wconf 88' lang='lat' dir='ltr'><strong>etiam</strong></span> <span class='ocrx_word' id='word_1_68' title='bbox 1118 1971 1223 2048; x_wconf 77' lang='lat' dir='ltr'><strong>trodio,</strong></span> 
     </span>
     <span class='ocr_line' id='line_1_12' title="bbox 195 2068 1222 2156; baseline 0 -22"><span class='ocrx_word' id='word_1_69' title='bbox 195 2071 404 2156; x_wconf 85' lang='lat' dir='ltr'><strong>quodminus</strong></span> <span class='ocrx_word' id='word_1_70' title='bbox 425 2090 462 2133; x_wconf 88' lang='lat' dir='ltr'><strong>ac</strong></span> <span class='ocrx_word' id='word_1_71' title='bbox 481 2069 584 2130; x_wconf 90' lang='lat' dir='ltr'><strong>minus</strong></span> <span class='ocrx_word' id='word_1_72' title='bbox 605 2068 761 2145; x_wconf 79' lang='lat' dir='ltr'><strong>arrident,</strong></span> <span class='ocrx_word' id='word_1_73' title='bbox 786 2089 855 2150; x_wconf 76' lang='lat' dir='ltr'><strong>quae</strong></span> <span class='ocrx_word' id='word_1_74' title='bbox 875 2089 1005 2143; x_wconf 89' lang='lat' dir='ltr'><strong>mones,</strong></span> <span class='ocrx_word' id='word_1_75' title='bbox 1025 2091 1132 2155; x_wconf 82' lang='lat' dir='ltr'><strong>neque</strong></span> <span class='ocrx_word' id='word_1_76' title='bbox 1148 2070 1222 2152; x_wconf 86' lang='lat' dir='ltr'><strong>jam,</strong></span> 
     </span>
     <span class='ocr_line' id='line_1_13' title="bbox 193 2166 1224 2256; baseline -0.002 -20"><span class='ocrx_word' id='word_1_77' title='bbox 193 2185 231 2238; x_wconf 85' lang='lat' dir='ltr'><strong>ut</strong></span> <span class='ocrx_word' id='word_1_78' title='bbox 244 2174 339 2256; x_wconf 89' lang='lat' dir='ltr'><strong>paulo</strong></span> <span class='ocrx_word' id='word_1_79' title='bbox 356 2182 447 2247; x_wconf 89' lang='lat' dir='ltr'><strong>ante,</strong></span> <span class='ocrx_word' id='word_1_80' title='bbox 471 2169 627 2250; x_wconf 88' lang='lat' dir='ltr'><strong>accipiunt</strong></span> <span class='ocrx_word' id='word_1_81' title='bbox 642 2190 679 2230; x_wconf 83' lang='lat' dir='ltr'><strong>ac</strong></span> <span class='ocrx_word' id='word_1_82' title='bbox 694 2166 848 2230; x_wconf 86' lang='lat' dir='ltr'><strong>homines.</strong></span> <span class='ocrx_word' id='word_1_83' title='bbox 874 2168 910 2230; x_wconf 90' lang='lat' dir='ltr'><strong>Id</strong></span> <span class='ocrx_word' id='word_1_84' title='bbox 924 2171 1012 2251; x_wconf 92' lang='lat' dir='ltr'><strong>quod</strong></span> <span class='ocrx_word' id='word_1_85' title='bbox 1031 2194 1081 2234; x_wconf 88' lang='lat' dir='ltr'><strong>me</strong></span> <span class='ocrx_word' id='word_1_86' title='bbox 1097 2172 1224 2254; x_wconf 86' lang='lat' dir='ltr'><strong>potissi·</strong></span> 
     </span>
     <span class='ocr_line' id='line_1_14' title="bbox 192 2269 1223 2354; baseline -0.003 -16"><span class='ocrx_word' id='word_1_87' title='bbox 192 2295 279 2338; x_wconf 88' lang='lat' dir='ltr'><strong>mum</strong></span> <span class='ocrx_word' id='word_1_88' title='bbox 300 2273 354 2335; x_wconf 91' lang='lat' dir='ltr'><strong>abs</strong></span> <span class='ocrx_word' id='word_1_89' title='bbox 373 2282 405 2334; x_wconf 88' lang='lat' dir='ltr'><strong>te</strong></span> <span class='ocrx_word' id='word_1_90' title='bbox 430 2269 564 2345; x_wconf 87' lang='lat' dir='ltr'><strong>dirimit,</strong></span> <span class='ocrx_word' id='word_1_91' title='bbox 584 2269 780 2332; x_wconf 85' lang='lat' dir='ltr'><strong>immutatum</strong></span> <span class='ocrx_word' id='word_1_92' title='bbox 801 2269 899 2343; x_wconf 89' lang='lat' dir='ltr'><strong>adeo,</strong></span> <span class='ocrx_word' id='word_1_93' title='bbox 921 2281 955 2330; x_wconf 92' lang='lat' dir='ltr'><strong>ut</strong></span> <span class='ocrx_word' id='word_1_94' title='bbox 974 2292 1034 2350; x_wconf 91' lang='lat' dir='ltr'><strong>pro</strong></span> <span class='ocrx_word' id='word_1_95' title='bbox 1056 2274 1150 2354; x_wconf 84' lang='lat' dir='ltr'><strong>nugis</strong></span> <span class='ocrx_word' id='word_1_96' title='bbox 1169 2275 1223 2335; x_wconf 91' lang='lat' dir='ltr'><strong>ha·</strong></span> 
     </span>
     <span class='ocr_line' id='line_1_15' title="bbox 195 2368 1222 2454; baseline -0.001 -17"><span class='ocrx_word' id='word_1_97' title='bbox 195 2375 336 2437; x_wconf 81' lang='lat' dir='ltr'><strong>bendum</strong></span> <span class='ocrx_word' id='word_1_98' title='bbox 367 2372 498 2448; x_wconf 85' lang='lat' dir='ltr'><strong>ducam,</strong></span> <span class='ocrx_word' id='word_1_99' title='bbox 540 2370 694 2454; x_wconf 89' lang='lat' dir='ltr'><strong>quicquid</strong></span> <span class='ocrx_word' id='word_1_100' title='bbox 723 2381 788 2432; x_wconf 83' lang='lat' dir='ltr'><strong>est.</strong></span> <span class='ocrx_word' id='word_1_101' title='bbox 810 2368 900 2452; x_wconf 92' lang='lat' dir='ltr'><strong>quod</strong></span> <span class='ocrx_word' id='word_1_102' title='bbox 931 2378 966 2431; x_wconf 91' lang='lat' dir='ltr'><strong>tu</strong></span> <span class='ocrx_word' id='word_1_103' title='bbox 993 2392 1079 2434; x_wconf 84' lang='lat' dir='ltr'><strong>nove</strong></span> <span class='ocrx_word' id='word_1_104' title='bbox 1111 2373 1222 2436; x_wconf 86' lang='lat' dir='ltr'><strong>doces.</strong></span> 
     </span>
     <span class='ocr_line' id='line_1_16' title="bbox 194 2469 1223 2556; baseline 0.002 -22"><span class='ocrx_word' id='word_1_105' title='bbox 194 2476 299 2556; x_wconf 84' lang='lat' dir='ltr'><strong>Quem</strong></span> <span class='ocrx_word' id='word_1_106' title='bbox 322 2493 389 2535; x_wconf 90' lang='lat' dir='ltr'><strong>non</strong></span> <span class='ocrx_word' id='word_1_107' title='bbox 415 2475 579 2533; x_wconf 88' lang='lat' dir='ltr'><strong>immutent</strong></span> <span class='ocrx_word' id='word_1_108' title='bbox 598 2469 696 2545; x_wconf 89' lang='lat' dir='ltr'><strong>enim,</strong></span> <span class='ocrx_word' id='word_1_109' title='bbox 727 2491 797 2551; x_wconf 75' lang='lat' dir='ltr'><strong>quse</strong></span> <span class='ocrx_word' id='word_1_110' title='bbox 826 2469 993 2546; x_wconf 83' lang='lat' dir='ltr'><strong>praedicas,</strong></span> <span class='ocrx_word' id='word_1_111' title='bbox 1025 2473 1066 2534; x_wconf 88' lang='lat' dir='ltr'><strong>ad</strong></span> <span class='ocrx_word' id='word_1_112' title='bbox 1097 2485 1223 2538; x_wconf 84' lang='lat' dir='ltr'><strong>veteres</strong></span> 
     </span>
    </p>
   </div>
   <div class='ocr_carea' id='block_1_5' title="bbox 13 2556 1223 2653">
    <p class='ocr_par' dir='ltr' id='par_1_6' title="bbox 13 2556 1223 2653">
     <span class='ocr_line' id='line_1_17' title="bbox 13 2556 1223 2653; baseline 0.002 -17"><span class='ocrx_word' id='word_1_113' title='bbox 13 2605 17 2615; x_wconf 92' lang='lat'>·</span> <span class='ocrx_word' id='word_1_114' title='bbox 95 2612 98 2618; x_wconf 91' lang='lat'>·</span> <span class='ocrx_word' id='word_1_115' title='bbox 192 2572 258 2636; x_wconf 90' lang='lat' dir='ltr'><strong>illas</strong></span> <span class='ocrx_word' id='word_1_116' title='bbox 277 2571 390 2635; x_wconf 82' lang='lat' dir='ltr'><strong>sordes</strong></span> <span class='ocrx_word' id='word_1_117' title='bbox 409 2556 529 2633; x_wconf 83' lang='lat' dir='ltr'><strong>abhoc</strong></span> <span class='ocrx_word' id='word_1_118' title='bbox 549 2571 720 2653; x_wconf 82' lang='lat' dir='ltr'><strong>splendore</strong></span> <span class='ocrx_word' id='word_1_119' title='bbox 740 2568 903 2648; x_wconf 70' lang='lat' dir='ltr'><strong>aeclesiam</strong></span> <span class='ocrx_word' id='word_1_120' title='bbox 924 2572 1106 2635; x_wconf 77' lang='lat' dir='ltr'><strong>revocans?</strong></span> <span class='ocrx_word' id='word_1_121' title='bbox 1135 2574 1223 2637; x_wconf 91' lang='lat' dir='ltr'><strong>Pon·</strong></span> 
     </span>
    </p>
   </div>
   <div class='ocr_carea' id='block_1_6' title="bbox 192 2657 1222 2755">
    <p class='ocr_par' dir='ltr' id='par_1_7' title="bbox 192 2657 1222 2755">
     <span class='ocr_line' id='line_1_18' title="bbox 192 2657 1222 2755; baseline 0.006 -20"><span class='ocrx_word' id='word_1_122' title='bbox 192 2657 286 2749; x_wconf 84' lang='lat' dir='ltr'><strong>tilici,</strong></span> <span class='ocrx_word' id='word_1_123' title='bbox 320 2671 410 2755; x_wconf 88' lang='lat' dir='ltr'><strong>quod</strong></span> <span class='ocrx_word' id='word_1_124' title='bbox 439 2672 576 2734; x_wconf 89' lang='lat' dir='ltr'><strong>mundus</strong></span> <span class='ocrx_word' id='word_1_125' title='bbox 603 2669 728 2746; x_wconf 77' lang='lat' dir='ltr'><strong>tribuit,</strong></span> <span class='ocrx_word' id='word_1_126' title='bbox 756 2670 842 2732; x_wconf 88' lang='lat' dir='ltr'><strong>solus</strong></span> <span class='ocrx_word' id='word_1_127' title='bbox 873 2671 1035 2735; x_wconf 86' lang='lat' dir='ltr'><strong>adimens?</strong></span> <span class='ocrx_word' id='word_1_128' title='bbox 1064 2672 1222 2741; x_wconf 86' lang='lat' dir='ltr'><strong>Praeterea</strong></span> 
     </span>
    </p>
   </div>
   <div class='ocr_carea' id='block_1_7' title="bbox 192 2769 1185 2866">
    <p class='ocr_par' dir='ltr' id='par_1_8' title="bbox 192 2769 1185 2866">
     <span class='ocr_line' id='line_1_19' title="bbox 192 2769 1185 2866; baseline 0.001 -27"><span class='ocrx_word' id='word_1_129' title='bbox 192 2776 290 2839; x_wconf 87' lang='lat' dir='ltr'><strong>multa</strong></span> <span class='ocrx_word' id='word_1_130' title='bbox 308 2774 394 2837; x_wconf 89' lang='lat' dir='ltr'><strong>idem</strong></span> <span class='ocrx_word' id='word_1_131' title='bbox 413 2793 542 2866; x_wconf 80' lang='lat' dir='ltr'><strong>mones,</strong></span> <span class='ocrx_word' id='word_1_132' title='bbox 563 2795 580 2835; x_wconf 90' lang='lat' dir='ltr'><strong>a</strong></span> <span class='ocrx_word' id='word_1_133' title='bbox 599 2769 759 2833; x_wconf 85' lang='lat' dir='ltr'><strong>communi</strong></span> <span class='ocrx_word' id='word_1_134' title='bbox 779 2791 849 2852; x_wconf 85' lang='lat' dir='ltr'><strong>quae</strong></span> <span class='ocrx_word' id='word_1_135' title='bbox 869 2771 1060 2835; x_wconf 81' lang='lat' dir='ltr'><strong>abhorreant</strong></span> <span class='ocrx_word' id='word_1_136' title='bbox 1078 2796 1185 2840; x_wconf 87' lang='lat' dir='ltr'><strong>sensu.</strong></span> 
     </span>
    </p>
   </div>
   <div class='ocr_carea' id='block_1_8' title="bbox 125 2896 1224 4096">
    <p class='ocr_par' dir='ltr' id='par_1_9' title="bbox 589 2896 810 2959">
     <span class='ocr_line' id='line_1_20' title="bbox 589 2896 810 2959; baseline -0.005 0"><span class='ocrx_word' id='word_1_137' title='bbox 589 2896 810 2959; x_wconf 86' lang='lat' dir='ltr'><strong>Lutherus.</strong></span> 
     </span>
    </p>

    <p class='ocr_par' dir='ltr' id='par_1_10' title="bbox 125 2992 1224 3865">
     <span class='ocr_line' id='line_1_21' title="bbox 267 2992 1223 3082; baseline 0.002 -17"><span class='ocrx_word' id='word_1_138' title='bbox 267 2995 411 3065; x_wconf 88' lang='lat' dir='ltr'><strong>Primum</strong></span> <span class='ocrx_word' id='word_1_139' title='bbox 440 2992 520 3060; x_wconf 85' lang='lat' dir='ltr'><strong>levis</strong></span> <span class='ocrx_word' id='word_1_140' title='bbox 547 3007 640 3059; x_wconf 87' lang='lat' dir='ltr'><strong>autor</strong></span> <span class='ocrx_word' id='word_1_141' title='bbox 670 2998 785 3076; x_wconf 85' lang='lat' dir='ltr'><strong>vulgus</strong></span> <span class='ocrx_word' id='word_1_142' title='bbox 814 3005 878 3072; x_wconf 85' lang='lat' dir='ltr'><strong>est,</strong></span> <span class='ocrx_word' id='word_1_143' title='bbox 908 3017 1015 3081; x_wconf 85' lang='lat' dir='ltr'><strong>neque</strong></span> <span class='ocrx_word' id='word_1_144' title='bbox 1034 2998 1167 3082; x_wconf 83' lang='lat' dir='ltr'><strong>dignum</strong></span> <span class='ocrx_word' id='word_1_145' title='bbox 1188 3001 1223 3067; x_wconf 91' lang='lat' dir='ltr'><strong>id</strong></span> 
     </span>
     <span class='ocr_line' id='line_1_22' title="bbox 193 3096 1224 3178; baseline 0.005 -15"><span class='ocrx_word' id='word_1_146' title='bbox 193 3098 366 3178; x_wconf 82' lang='lat' dir='ltr'><strong>iudicium,</strong></span> <span class='ocrx_word' id='word_1_147' title='bbox 400 3099 453 3161; x_wconf 91' lang='lat' dir='ltr'><strong>cui</strong></span> <span class='ocrx_word' id='word_1_148' title='bbox 471 3119 490 3161; x_wconf 86' lang='lat' dir='ltr'><strong>a</strong></span> <span class='ocrx_word' id='word_1_149' title='bbox 509 3098 611 3160; x_wconf 89' lang='lat' dir='ltr'><strong>bonis</strong></span> <span class='ocrx_word' id='word_1_150' title='bbox 631 3096 847 3162; x_wconf 79' lang='lat' dir='ltr'><strong>subscribatur</strong></span> <span class='ocrx_word' id='word_1_151' title='bbox 867 3097 969 3159; x_wconf 88' lang='lat' dir='ltr'><strong>statim</strong></span> <span class='ocrx_word' id='word_1_152' title='bbox 989 3098 1041 3161; x_wconf 87' lang='lat' dir='ltr'><strong>ita.</strong></span> <span class='ocrx_word' id='word_1_153' title='bbox 1082 3100 1167 3166; x_wconf 86' lang='lat' dir='ltr'><strong>Scias</strong></span> <span class='ocrx_word' id='word_1_154' title='bbox 1187 3115 1224 3168; x_wconf 91' lang='lat' dir='ltr'><strong>tu</strong></span> 
     </span>
     <span class='ocr_line' id='line_1_23' title="bbox 193 3200 1222 3288; baseline 0.006 -27"><span class='ocrx_word' id='word_1_155' title='bbox 193 3221 270 3262; x_wconf 84' lang='lat' dir='ltr'><strong>vero</strong></span> <span class='ocrx_word' id='word_1_156' title='bbox 290 3200 323 3261; x_wconf 89' lang='lat' dir='ltr'><strong>in</strong></span> <span class='ocrx_word' id='word_1_157' title='bbox 341 3209 483 3283; x_wconf 74' lang='lat' dir='ltr'><strong>qlorr&#39;om</strong></span> <span class='ocrx_word' id='word_1_158' title='bbox 511 3209 559 3263; x_wconf 82' lang='lat' dir='ltr'><strong>ire</strong></span> <span class='ocrx_word' id='word_1_159' title='bbox 576 3207 759 3281; x_wconf 82' lang='lat' dir='ltr'><strong>plerumque</strong></span> <span class='ocrx_word' id='word_1_160' title='bbox 778 3206 974 3281; x_wconf 72' lang='lat' dir='ltr'><strong>infamiam,</strong></span> <span class='ocrx_word' id='word_1_161' title='bbox 1005 3222 1222 3288; x_wconf 80' lang='lat' dir='ltr'><strong>summamque</strong></span> 
     </span>
     <span class='ocr_line' id='line_1_24' title="bbox 193 3296 1224 3379; baseline 0.004 -15"><span class='ocrx_word' id='word_1_162' title='bbox 193 3322 265 3364; x_wconf 85' lang='lat' dir='ltr'><strong>esse</strong></span> <span class='ocrx_word' id='word_1_163' title='bbox 283 3300 452 3375; x_wconf 75' lang='lat' dir='ltr'><strong>sirtutem,</strong></span> <span class='ocrx_word' id='word_1_164' title='bbox 471 3299 503 3361; x_wconf 89' lang='lat' dir='ltr'><strong>in</strong></span> <span class='ocrx_word' id='word_1_165' title='bbox 521 3299 650 3362; x_wconf 91' lang='lat' dir='ltr'><strong>sceleris</strong></span> <span class='ocrx_word' id='word_1_166' title='bbox 671 3296 823 3378; x_wconf 87' lang='lat' dir='ltr'><strong>opinione</strong></span> <span class='ocrx_word' id='word_1_167' title='bbox 843 3299 992 3362; x_wconf 88' lang='lat' dir='ltr'><strong>virtutem</strong></span> <span class='ocrx_word' id='word_1_168' title='bbox 1011 3302 1141 3379; x_wconf 87' lang='lat' dir='ltr'><strong>sectari,</strong></span> <span class='ocrx_word' id='word_1_169' title='bbox 1163 3327 1224 3368; x_wconf 89' lang='lat' dir='ltr'><strong>nec</strong></span> 
     </span>
     <span class='ocr_line' id='line_1_25' title="bbox 125 3398 1223 3483; baseline 0.004 -21"><span class='ocrx_word' id='word_1_170' title='bbox 125 3410 129 3417; x_wconf 87' lang='grc'><strong><em>’</em></strong></span> <span class='ocrx_word' id='word_1_171' title='bbox 193 3420 289 3483; x_wconf 83' lang='lat' dir='ltr'><strong>posse</strong></span> <span class='ocrx_word' id='word_1_172' title='bbox 309 3402 361 3463; x_wconf 82' lang='lat' dir='ltr'><strong>vel</strong></span> <span class='ocrx_word' id='word_1_173' title='bbox 380 3399 577 3482; x_wconf 86' lang='lat' dir='ltr'><strong>turpitudine</strong></span> <span class='ocrx_word' id='word_1_174' title='bbox 597 3399 746 3480; x_wconf 71' lang='lat' dir='ltr'><strong>imputata</strong></span> <span class='ocrx_word' id='word_1_175' title='bbox 772 3399 812 3460; x_wconf 83' lang='lat' dir='ltr'><strong>ab</strong></span> <span class='ocrx_word' id='word_1_176' title='bbox 830 3398 911 3462; x_wconf 91' lang='lat' dir='ltr'><strong>illius</strong></span> <span class='ocrx_word' id='word_1_177' title='bbox 931 3402 1036 3465; x_wconf 88' lang='lat' dir='ltr'><strong>studio</strong></span> <span class='ocrx_word' id='word_1_178' title='bbox 1057 3405 1223 3470; x_wconf 86' lang='lat' dir='ltr'><strong>deterreri.</strong></span> 
     </span>
     <span class='ocr_line' id='line_1_26' title="bbox 192 3499 1223 3582; baseline 0.005 -16"><span class='ocrx_word' id='word_1_179' title='bbox 192 3501 320 3566; x_wconf 86' lang='lat' dir='ltr'><strong>Deinde</strong></span> <span class='ocrx_word' id='word_1_180' title='bbox 340 3520 406 3561; x_wconf 92' lang='lat' dir='ltr'><strong>non</strong></span> <span class='ocrx_word' id='word_1_181' title='bbox 427 3500 487 3562; x_wconf 91' lang='lat' dir='ltr'><strong>hoc</strong></span> <span class='ocrx_word' id='word_1_182' title='bbox 505 3499 607 3575; x_wconf 84' lang='lat' dir='ltr'><strong>facio,</strong></span> <span class='ocrx_word' id='word_1_183' title='bbox 634 3499 724 3582; x_wconf 89' lang='lat' dir='ltr'><strong>quod</strong></span> <span class='ocrx_word' id='word_1_184' title='bbox 743 3510 776 3561; x_wconf 94' lang='lat' dir='ltr'><strong>tu</strong></span> <span class='ocrx_word' id='word_1_185' title='bbox 797 3499 973 3578; x_wconf 85' lang='lat' dir='ltr'><strong>existimas,</strong></span> <span class='ocrx_word' id='word_1_186' title='bbox 1005 3504 1063 3566; x_wconf 91' lang='lat' dir='ltr'><strong>sed</strong></span> <span class='ocrx_word' id='word_1_187' title='bbox 1082 3527 1100 3567; x_wconf 89' lang='lat' dir='ltr'><strong>a</strong></span> <span class='ocrx_word' id='word_1_188' title='bbox 1119 3507 1223 3570; x_wconf 89' lang='lat' dir='ltr'><strong>sordi·</strong></span> 
     </span>
     <span class='ocr_line' id='line_1_27' title="bbox 194 3598 1222 3682; baseline 0.006 -16"><span class='ocrx_word' id='word_1_189' title='bbox 194 3603 254 3666; x_wconf 85' lang='lat' dir='ltr'><strong>bus</strong></span> <span class='ocrx_word' id='word_1_190' title='bbox 275 3601 307 3662; x_wconf 83' lang='lat' dir='ltr'><strong>te</strong></span> <span class='ocrx_word' id='word_1_191' title='bbox 327 3602 367 3663; x_wconf 90' lang='lat' dir='ltr'><strong>ad</strong></span> <span class='ocrx_word' id='word_1_192' title='bbox 386 3601 539 3663; x_wconf 74' lang='lat' dir='ltr'><strong>illustrem</strong></span> <span class='ocrx_word' id='word_1_193' title='bbox 569 3620 632 3682; x_wconf 84' lang='lat' dir='ltr'><strong>ego</strong></span> <span class='ocrx_word' id='word_1_194' title='bbox 661 3598 797 3661; x_wconf 84' lang='lat' dir='ltr'><strong>nitorem</strong></span> <span class='ocrx_word' id='word_1_195' title='bbox 828 3601 1006 3679; x_wconf 77' lang='lat' dir='ltr'><strong>transfero,</strong></span> <span class='ocrx_word' id='word_1_196' title='bbox 1039 3625 1056 3665; x_wconf 91' lang='lat' dir='ltr'><strong>a</strong></span> <span class='ocrx_word' id='word_1_197' title='bbox 1083 3609 1222 3679; x_wconf 77' lang='lat' dir='ltr'><strong>tenebris</strong></span> 
     </span>
     <span class='ocr_line' id='line_1_28' title="bbox 195 3701 1224 3781; baseline 0.008 -17"><span class='ocrx_word' id='word_1_198' title='bbox 195 3702 229 3764; x_wconf 94' lang='lat' dir='ltr'><strong>in</strong></span> <span class='ocrx_word' id='word_1_199' title='bbox 256 3705 360 3764; x_wconf 87' lang='lat' dir='ltr'><strong>lucem</strong></span> <span class='ocrx_word' id='word_1_200' title='bbox 390 3703 540 3778; x_wconf 89' lang='lat' dir='ltr'><strong>traduco,</strong></span> <span class='ocrx_word' id='word_1_201' title='bbox 573 3715 606 3764; x_wconf 89' lang='lat' dir='ltr'><strong>et</strong></span> <span class='ocrx_word' id='word_1_202' title='bbox 631 3701 770 3762; x_wconf 87' lang='lat' dir='ltr'><strong>levatum</strong></span> <span class='ocrx_word' id='word_1_203' title='bbox 801 3703 929 3781; x_wconf 88' lang='lat' dir='ltr'><strong>eluto,</strong></span> <span class='ocrx_word' id='word_1_204' title='bbox 959 3703 992 3766; x_wconf 92' lang='lat' dir='ltr'><strong>in</strong></span> <span class='ocrx_word' id='word_1_205' title='bbox 1012 3725 1111 3769; x_wconf 89' lang='lat' dir='ltr'><strong>aureo</strong></span> <span class='ocrx_word' id='word_1_206' title='bbox 1131 3709 1224 3774; x_wconf 83' lang='lat' dir='ltr'><strong>sedili</strong></span> 
     </span>
     <span class='ocr_line' id='line_1_29' title="bbox 195 3803 920 3865; baseline -0.001 -1"><span class='ocrx_word' id='word_1_207' title='bbox 195 3804 333 3865; x_wconf 85' lang='lat' dir='ltr'><strong>colloco.</strong></span> <span class='ocrx_word' id='word_1_208' title='bbox 915 3803 920 3812; x_wconf 85' lang='grc'><em>“</em></span> 
     </span>
    </p>

    <p class='ocr_par' dir='ltr' id='par_1_11' title="bbox 617 3905 811 3974">
     <span class='ocr_line' id='line_1_30' title="bbox 617 3905 811 3974; baseline 0.015 -3"><span class='ocrx_word' id='word_1_209' title='bbox 617 3905 811 3974; x_wconf 86' lang='lat' dir='ltr'><strong>Monitor.</strong></span> 
     </span>
    </p>

    <p class='ocr_par' dir='ltr' id='par_1_12' title="bbox 272 4000 749 4096">
     <span class='ocr_line' id='line_1_31' title="bbox 272 4000 749 4096; baseline -0.006 -23"><span class='ocrx_word' id='word_1_210' title='bbox 272 4011 347 4093; x_wconf 83' lang='lat' dir='ltr'><strong>Quo</strong></span> <span class='ocrx_word' id='word_1_211' title='bbox 367 4010 401 4074; x_wconf 91' lang='lat' dir='ltr'><strong>id</strong></span> <span class='ocrx_word' id='word_1_212' title='bbox 419 4005 633 4096; x_wconf 86' lang='lat' dir='ltr'><strong>argumento?</strong></span> <span class='ocrx_word' id='word_1_213' title='bbox 745 4000 749 4008; x_wconf 43' lang='lat'>⁸</span> 
     </span>
    </p>
   </div>
   <div class='ocr_carea' id='block_1_9' title="bbox 195 4136 1226 4521">
    <p class='ocr_par' dir='ltr' id='par_1_13' title="bbox 195 4136 1226 4521">
     <span class='ocr_line' id='line_1_32' title="bbox 606 4136 823 4200; baseline 0.014 -4"><span class='ocrx_word' id='word_1_214' title='bbox 606 4136 823 4200; x_wconf 88' lang='lat' dir='ltr'><strong>Lutherus.</strong></span> 
     </span>
     <span class='ocr_line' id='line_1_33' title="bbox 273 4233 1225 4317; baseline 0.006 -20"><span class='ocrx_word' id='word_1_215' title='bbox 273 4233 357 4317; x_wconf 79' lang='lat' dir='ltr'><strong>Quia</strong></span> <span class='ocrx_word' id='word_1_216' title='bbox 376 4236 540 4298; x_wconf 82' lang='lat' dir='ltr'><strong>veritatem</strong></span> <span class='ocrx_word' id='word_1_217' title='bbox 562 4234 661 4317; x_wconf 85' lang='lat' dir='ltr'><strong>jubeo</strong></span> <span class='ocrx_word' id='word_1_218' title='bbox 683 4236 856 4298; x_wconf 87' lang='lat' dir='ltr'><strong>observare</strong></span> <span class='ocrx_word' id='word_1_219' title='bbox 876 4246 925 4313; x_wconf 91' lang='lat' dir='ltr'><strong>te,</strong></span> <span class='ocrx_word' id='word_1_220' title='bbox 945 4248 978 4301; x_wconf 91' lang='lat' dir='ltr'><strong>et</strong></span> <span class='ocrx_word' id='word_1_221' title='bbox 999 4236 1161 4303; x_wconf 87' lang='lat' dir='ltr'><strong>Christum</strong></span> <span class='ocrx_word' id='word_1_222' title='bbox 1174 4261 1225 4305; x_wconf 87' lang='lat' dir='ltr'><strong>se·</strong></span> 
     </span>
     <span class='ocr_line' id='line_1_34' title="bbox 197 4332 1226 4425; baseline 0.007 -26"><span class='ocrx_word' id='word_1_223' title='bbox 197 4332 273 4420; x_wconf 86' lang='lat' dir='ltr'><strong>qui,</strong></span> <span class='ocrx_word' id='word_1_224' title='bbox 294 4334 431 4422; x_wconf 85' lang='lat' dir='ltr'><strong>ejusque</strong></span> <span class='ocrx_word' id='word_1_225' title='bbox 451 4335 577 4418; x_wconf 92' lang='lat' dir='ltr'><strong>penitus</strong></span> <span class='ocrx_word' id='word_1_226' title='bbox 598 4335 722 4417; x_wconf 78' lang='lat' dir='ltr'><strong>legibus</strong></span> <span class='ocrx_word' id='word_1_227' title='bbox 742 4336 914 4413; x_wconf 89' lang='lat' dir='ltr'><strong>intentum,</strong></span> <span class='ocrx_word' id='word_1_228' title='bbox 934 4338 1040 4425; x_wconf 88' lang='lat' dir='ltr'><strong>divina</strong></span> <span class='ocrx_word' id='word_1_229' title='bbox 1056 4362 1226 4423; x_wconf 87' lang='lat' dir='ltr'><strong>capescere</strong></span> 
     </span>
     <span class='ocr_line' id='line_1_35' title="bbox 195 4435 1226 4521; baseline 0.007 -20"><span class='ocrx_word' id='word_1_230' title='bbox 195 4438 361 4516; x_wconf 88' lang='lat' dir='ltr'><strong>mandata,</strong></span> <span class='ocrx_word' id='word_1_231' title='bbox 381 4451 418 4502; x_wconf 86' lang='lat' dir='ltr'><strong>ut</strong></span> <span class='ocrx_word' id='word_1_232' title='bbox 436 4435 624 4520; x_wconf 84' lang='lat' dir='ltr'><strong>posthabitis</strong></span> <span class='ocrx_word' id='word_1_233' title='bbox 643 4437 807 4500; x_wconf 84' lang='lat' dir='ltr'><strong>hominum</strong></span> <span class='ocrx_word' id='word_1_234' title='bbox 826 4439 1065 4521; x_wconf 88' lang='lat' dir='ltr'><strong>traditionibus,</strong></span> <span class='ocrx_word' id='word_1_235' title='bbox 1086 4454 1173 4508; x_wconf 85' lang='lat' dir='ltr'><strong>totus</strong></span> <span class='ocrx_word' id='word_1_236' title='bbox 1192 4443 1226 4507; x_wconf 89' lang='lat' dir='ltr'><strong>in</strong></span> 
     </span>
    </p>
   </div>
   <div class='ocr_carea' id='block_1_10' title="bbox 0 0 1316 5108">
    <p class='ocr_par' dir='ltr' id='par_1_14' title="bbox 0 0 1316 5108">
     <span class='ocr_line' id='line_1_36' title="bbox 0 0 1316 5108; baseline 0 0"><span class='ocrx_word' id='word_1_237' title='bbox 0 0 1316 5108; x_wconf 95' lang='lat' dir='ltr'><strong> </strong></span> 
     </span>
    </p>
   </div>
  </div>
 </body>
</html>
