2588 5048
173 789 242 863 llo
508 779 678 858 Monitor
716 781 867 880 primus.

249 1075 301 1140 lbi
319 1074 424 1152 euim,
444 1075 574 1159 quando
587 973 863 1158 {ligidffimod
875 1074 989 1150 vellet,
1008 1083 1042 1135 et
1053 1069 1200 1135 solvendi

111 1256 121 1273 .
172 1178 265 1264 qood
285 1175 467 1252 videretur,
496 1174 549 1256 jus
567 1175 668 1239 Petro
693 1174 851 1237 concessit
869 1173 1021 1237 Servator
1045 1173 1112 1249 ille,
1138 1173 1202 1235 cla·

170 1297 295 1363 vesque
314 1275 421 1355 dedit,
440 1276 532 1360 queis
550 1278 681 1352 coelum,
700 1274 755 1339 eni
771 1275 864 1351 velit,
885 1284 1018 1340 reseret.

578 1402 795 1466 Lot-herus.

248 1503 322 1565 Hoc
341 1502 431 1566 dedit
448 1501 502 1566 ille
522 1502 652 1589 quidem
672 1503 788 1578 Petro,
821 1521 886 1563 non
912 1500 1055 1577 inficior,
1088 1518 1204 1562 verum

175 1623 245 1667 non
263 1603 334 1666 soli.
372 1604 454 1666 Nam
473 1615 506 1668 et
533 1603 665 1688 reliquis
684 1603 846 1687 Apostolis
866 1602 985 1683 pariter
1003 1600 1103 1663 dedit.
1141 1598 1206 1664 sed

173 1715 212 1769 nt
225 1703 287 1768 soli
305 1703 452 1780 dederit,
472 1706 552 1790 quid
570 1706 611 1768 ad
630 1704 850 1769 Florentinum
868 1703 944 1766 illud
962 1700 1071 1766 hunc?

133 1930 136 1936 ’
248 1929 372 2011 Nempe
391 1929 432 1993 od
450 1830 927 2015 tegitunudoqtiiiiiaeredem,
947 1939 981 1990 et
998 1928 1032 1991 in
1047 1934 1204 2009 potestate

174 2048 406 2094 successorem.
419 2124 422 2129 1

583 2140 804 2204 Lutherus.
1119 2180 1122 2185 -

250 2239 354 2322 igitur
373 2239 463 2303 Petri
482 2241 582 2304 lieres
602 2252 652 2305 est
670 2238 841 2321 Decimus,
862 2249 896 2300 et
915 2258 979 2320 qua
1000 2234 1035 2300 id
1053 2235 1151 2319 lege?

593 2363 816 2427 Monitor.'

251 2462 348 2543 Quod
363 2462 519 2527 Pontifex
537 2475 603 2543 est,
624 2477 657 2528 et
668 2466 779 2528 Romae
798 2465 906 2541 sedet,
929 2474 961 2527 et
979 2462 1013 2525 in
1028 2461 1207 2544 Episcopus

176 2560 390 2644 principatum
407 2564 502 2646 gerit.

587 2675 834 2746 liutherus..

252 2771 339 2838 Nihil
355 2772 396 2835 ed
415 2773 559 2838 Petrum.
594 2776 675 2837 Nam
703 2795 811 2859 neque
839 2774 890 2835 ille
915 2771 949 2834 in
971 2768 1208 2852 Conapostolos

177 2891 316 2957 regnunt
335 2872 499 2952 exercuit,
535 2896 642 2958 neque
677 2875 919 2951 Sacerdotibus,
954 2884 1007 2936 aut
1039 2869 1208 2951 Episcopis

176 2977 239 3039 tale
267 2973 429 3057 quippiam
455 2976 599 3055 permisit
617 2975 724 3054 Deus,
759 2974 821 3058 jam
847 2975 922 3039 inde
941 2974 981 3036 ab
1005 2970 1115 3046 initio,
1136 2987 1210 3030 cnm

179 3075 362 3141 sacerdotes
381 3075 521 3152 laceret,
550 3097 672 3160 eosque
701 3098 720 3138 a
738 3077 868 3160 reliquis
888 3072 1069 3138 hominibus
1089 3068 1212 3133 discer-

178 3185 280 3236 neret.
319 3176 393 3235 Non
413 3176 585 3253 habebitis,
617 3178 738 3261 inquit,
770 3189 891 3260 partem
911 3175 1080 3236 intereos.
1128 3172 1210 3232 Nam

179 3266 243 3357 ego
263 3295 333 3337 sum
352 3296 443 3354 pars,
463 3289 496 3337 et
514 3277 677 3340 hereditas
698 3290 813 3341 vestra.
851 3281 978 3359 Quanto
1002 3271 1107 3336 minus
1131 3290 1210 3333 con-

178 3375 270 3438 cedat
304 3377 366 3438 hoc
394 3375 508 3458 igitur,
542 3378 700 3443 innovatis
729 3380 855 3441 tandem
889 3376 1052 3453 omnibus,
1087 3374 1147 3447 ita,
1174 3380 1212 3433 ut

176 3495 346 3539 commune
377 3475 443 3559 jam
474 3478 514 3540 sit
539 3480 775 3542 sacerdotium?
805 3481 886 3542 Nam
915 3487 1078 3560 quotquot
1100 3492 1209 3536 sumus

175 3577 234 3641 filii
255 3577 317 3641 Dei
337 3599 396 3660 per
416 3579 528 3655 fidem,
560 3602 630 3662 quae
655 3592 703 3643 est
731 3581 765 3642 in
785 3578 913 3642 Christo
942 3578 1038 3652 Jesu,
1069 3572 1209 3637 heredes

177 3697 287 3741 sunaus
308 3679 389 3755 Dei,
414 3680 595 3743 coheredes
616 3691 720 3743 autem
741 3678 858 3743 Christi
908 3681 1023 3742 Petrus
1043 3696 1122 3739 vero
1141 3694 1211 3737 mo·

178 3776 266 3842 riens
286 3780 416 3862 reliquit
434 3780 666 3859 hereditatem,
687 3781 745 3865 qui
765 3781 870 3844 omnia
888 3801 945 3843 sua
957 3778 1069 3842 vivens
1081 3773 1212 3857 reliquit

179 3889 315 3961 propter
331 3878 518 3942 Christum?
541 3884 583 3943 Et
602 3903 668 3966 quo
686 3882 763 3945 milri
782 3884 933 3957 Romam,
953 3891 990 3942 ut
1002 3883 1081 3943 hanc
1094 3887 1209 3940 statuas

181 3979 359 4057 dominam,
380 3993 413 4043 et
432 3980 573 4065 reginam
591 4004 719 4060 eorum,
740 4005 823 4067 qnos
842 3983 961 4047 liberos
974 3981 1118 4046 Christus
1137 3978 1211 4040 red·

182 4078 275 4142 didit.
315 4080 401 4164 Quin
421 4083 519 4146 tuito
543 4087 659 4171 sentis,
686 4084 905 4148 successiones
925 4104 995 4146 esse
1017 4083 1050 4145 in
1069 4083 1212 4160 Aposto-

179 4180 287 4244 lorum
305 4193 512 4264 potcstatem,
542 4206 609 4248 non
629 4188 720 4264 alias,
748 4210 844 4272 quam
872 4209 942 4272 quae
967 4197 1041 4252 sunt
1067 4206 1109 4246 ex
1139 4183 1211 4243 vitae

183 4279 398 4345 similitudine.
419 4285 490 4362 Ona
501 4300 684 4368 perspecta,
704 4288 829 4373 siquem
840 4289 1011 4374 contigerit
1026 4287 1065 4350 ab
1078 4275 1212 4347 ecclesia

167 4383 297 4460 emin,
316 4383 344 4448 is
363 4404 398 4446 se
417 4385 595 4450 meminerit
611 4409 680 4453 non
697 4390 830 4474 regibus
847 4393 1038 4470 succedere,
1058 4400 1113 4455 aut
1124 4389 1211 4476 prin·
