2588 5048
199 669 275 777 §dl
518 673 909 775 Arminius'Dialogus.

153 903 158 921 ·
200 885 314 955 annua
332 868 548 959 iniquissimos
571 864 793 951 ¹t¹t¹¹¹10⁸l¹¹⁸
812 865 921 951 1³⁸¹&
940 878 975 931 ²²
991 864 1254 957 mmet-5¹4

206 972 342 1057 obtinui.

635 1081 782 1147 Minos.

294 1191 440 1274 Ingenua
469 1206 594 1249 eausam
622 1195 739 1255 tutatus
767 1197 834 1263 est,
866 1195 898 1248 et
921 1185 967 1249 sie
985 1204 1054 1268 ego
1076 1184 1255 1258 existimo,

203 1291 367 1375 neminem
387 1288 430 1351 ita
448 1282 537 1361 alteri
556 1305 635 1365 paee
655 1284 842 1348 obstrictum
862 1305 948 1361 esse,
969 1297 1004 1346 ut
1025 1284 1156 1362 talibus
1178 1304 1256 1366 per·

207 1390 289 1454 citus
309 1388 429 1465 causis,
450 1386 603 1467 mutandae
622 1383 675 1466 jus
694 1405 760 1448 non
777 1386 899 1447 babeat.
925 1470 929 1475 ἢ

648 1492 799 1597 scipio.

286 1621 329 1681 Et
347 1629 452 1678 tamen
471 1616 635 1697 perfidiam
654 1614 810 1696 objiciunt
829 1617 913 1693 ‚huic
930 1616 1052 1694 nostri,
1092 1639 1135 1680 ae
1153 1618 1252 1693 nimis

210 1718 381 1784 crudeliter
401 1717 529 1780 videtur
549 1717 718 1780 Varianam
736 1716 916 1780 exercuisse
936 1717 1122 1780 victoriam.

612 1847 824 1912 Arminius.

286 1949 424 2025 Eadem,
445 1957 571 2027 Scipio,
595 1947 718 2009 ratione
736 1947 851 2028 perfidi
869 1948 1001 2011 fuerunt
1017 1959 1247 2031 tyrannicida

210 2049 334 2132 ubique
366 2067 494 2123 omnes,
527 2057 559 2111 et
587 2045 693 2128 patriae
724 2047 873 2113 libertatis
904 2051 1105 2125 adsertores:
1142 2053 1244 2113 vestri

206 2150 403 2237 presertim,
424 2146 480 2231 qui
496 2135 695 2232 Tarquinios
715 2147 895 2228 ejecerunt,
915 2163 947 2213 et
964 2147 1126 2215 Caesarem
1143 2152 1243 2217 inter·

209 2251 376 2323 fecerunt,
409 2270 445 2311 ac
464 2270 614 2319 summam
635 2249 677 2316 ob
697 2248 730 2311 id
751 2251 892 2327 laudem,
912 2251 1137 2333 sempiternam
1159 2255 1241 2318 inter

172 2381 176 2389 ·
213 2370 273 2412 vos
289 2349 421 2434 gloriam
440 2351 603 2413 consecuti
621 2361 705 2414 sunt.
743 2351 892 2434 Denique
906 2372 1017 2414 eorum
1031 2365 1080 2416 est
1092 2356 1239 2433 perfidia,

214 2450 272 2534 qui
299 2451 339 2513 ad
364 2449 500 2512 fortunae
526 2461 629 2512 motus
656 2460 814 2530 spectant,
848 2463 880 2513 et
905 2453 1083 2516 mutabilem
1112 2457 1156 2518 ad
1184 2462 1240 2523 hos

214 2553 312 2621 fidem
331 2550 567 2621 circumferunt.
606 2551 664 2613 Me
684 2573 782 2615 causae
802 2552 930 2636 aequitas
950 2565 1060 2616 contra
1081 2558 1239 2622 adversos

217 2669 349 2737 quoque
370 2672 460 2723 casus
480 2650 536 2713 niti
557 2651 703 2732 perpulit.
749 2653 840 2717 Dicat
860 2653 919 2716 iste
938 2675 1016 2716 vero
1038 2653 1176 2736 Minos,
1198 2672 1240 2722 ta·

215 2756 277 2817 lem
305 2763 432 2833 tamque
459 2752 670 2832 importunam
697 2761 844 2835 Quintilii
870 2755 1079 2830 atrocitatem,
1112 2781 1157 2821 an
1177 2783 1241 2824 non

217 2852 341 2919 licuerit
368 2851 461 2927 mihi,
490 2872 561 2914 cum
582 2852 780 2915 occasionem
797 2852 852 2918 Dii
880 2853 1079 2934 tribuissent,
1112 2860 1178 2923 alia
1197 2862 1242 2924 iu·

217 2955 319 3019 vicem
340 2952 502 3017 atrocitate
521 2951 648 3034 punire.

644 3084 792 3147 Minos.

296 3185 442 3261 Cense03
468 3185 554 3248 licuit
574 3185 756 3248 Hannibali.
805 3187 889 3249 Ecce
911 3198 1031 3263 autem,
1053 3190 1110 3272 qui
1130 3190 1242 3272 jactas,

219 3286 296 3354 nihil
315 3299 374 3348 tam
401 3284 612 3349 necessarium
638 3285 691 3347 tibi
720 3285 840 3362 visum,
870 3288 947 3366 quin
976 3289 1082 3369 patriae
1102 3294 1244 3359 studium

219 3388 408 3472 pervicerit,
444 3400 548 3447 tamen
577 3407 709 3467 regnunt
742 3386 914 3449 adfectasse
947 3389 1084 3468 diceris,
1104 3406 1154 3455 -et
1189 3395 1243 3479 qui

220 3491 358 3555 alienum
394 3485 538 3571 gloriaris
579 3489 736 3548 amolitum
772 3497 803 3548 te
834 3485 947 3572 jugum
979 3494 1243 3575 apopularibus,

222 3601 311 3653 tuum
338 3589 447 3651 iisdem
478 3586 652 3663 intentasti,
685 3587 773 3670 quod
798 3589 886 3652 nelas
914 3590 947 3653 in
972 3612 1077 3654 meum
1104 3597 1245 3661 animum

223 3711 385 3774 nunquam
409 3685 540 3763 cecidit,
569 3698 604 3749 ut
633 3691 683 3750 vel
714 3687 809 3766 hujus
829 3710 908 3773 ergo
929 3693 1071 3777 praeponi
1094 3693 1167 3777 ipse
1190 3699 1244 3762 tibi

223 3791 365 3854 debeam.

620 3906 837 3969 Arminius.

298 4009 432 4073 Minima
451 4019 486 4070 tu
507 4007 635 4103 quidem
655 4008 734 4069 bane
754 4008 796 4069 ob
810 4030 950 4088 causam,
971 4009 1143 4096 siquando
1161 4016 1246 4101 apud

223 4133 258 4174 se
292 4109 361 4174 esse
396 4114 482 4174 volet
515 4110 566 4175 hic
596 4111 716 4172 Minos.
779 4112 858 4173 Nam
888 4134 1021 4195 regnum
1054 4116 1247 4199 capessendi

223 4235 385 4298 nunquam
401 4212 480 4278 mihi
500 4212 616 4295 cupido
637 4211 772 4274 incessit.
817 4214 879 4276 Sed
900 4213 962 4273 luit
982 4213 1191 4283 inimicorum
1210 4243 1247 4283 ea
