2618 5108
414 855 420 869 =
523 822 629 895 Bulla
674 823 862 941 Dialogus.
1162 832 1206 905 tt
1249 788 1252 793 Ι

623 1017 764 1080 Bulla.

254 1118 310 1178 Tu
331 1137 381 1178 me
399 1117 503 1181 mittes
523 1138 622 1194 voro,
654 1117 681 1179 ei
701 1129 788 1180 reete
805 1119 913 1183 iacias.
964 1121 1043 1184 Nam
1065 1121 1092 1181 si
1110 1118 1208 1201 peni·
1240 1160 1244 1168 ·

176 1219 285 1280 nacins
306 1218 462 1280 obsistere
473 1218 547 1281 mihi
558 1219 758 1295 decreveris,
777 1242 856 1284 saxo
877 1223 1011 1303 pessime
1024 1222 1056 1282 in
1069 1221 1207 1284 medium

123 1351 128 1363 ·
176 1318 272 1381 hodie
292 1323 497 1399 processeris.
535 1321 648 1404 ltaque
668 1321 752 1384 sinas
772 1321 844 1385 hine
862 1323 950 1386 abire
969 1315 1029 1384 me.

583 1439 615 1498 H
624 1448 800 1502 uttenut.

250 1538 326 1600 Non
347 1538 436 1611 sin0;
458 1560 531 1602 nam
549 1561 616 1624 quo
637 1540 738 1603 abitio
755 1538 813 1603 tibi
832 1540 905 1605 est?

630 1658 658 1719 B
669 1659 757 1720 ulia.

252 1755 347 1823 Unde
367 1755 504 1836 praedam
524 1757 652 1821 auferre
667 1760 760 1821 decet
776 1781 850 1836 me,
868 1771 900 1821 et
916 1759 1118 1837 triumphum.

588 1876 806 1938 Hnttenut.

248 1975 343 2037 Prius
363 1975 424 2037 snb
443 1973 557 2059 jugum
575 1976 692 2040 mittam
713 1978 772 2040 hic.
825 1975 921 2040 Tanti
939 1975 990 2039 ille
1009 1973 1068 2037 tibi
1087 1974 1204 2039 eonsti-

175 2075 247 2140 terit
268 2076 456 2159 triumphus.

623 2195 697 2256 But
708 2197 754 2257 ia.

246 2293 353 2367 Mitte,
372 2292 518 2376 inquam,
536 2314 598 2371 me,
620 2279 685 2356 non
698 2296 757 2357 sub
770 2295 893 2380 jugum,
909 2297 966 2360 sed
980 2296 1012 2358 in
1024 2294 1203 2358 saxoniam.

161 2392 252 2459 'Nam
272 2396 349 2479 quid
369 2395 426 2459 tibi
445 2416 571 2461 mecum
591 2409 654 2473 est,
674 2396 850 2480 sacrilege?

569 2516 784 2577 liuttenus.

243 2611 333 2697 Quid
351 2614 408 2678 tibi
429 2636 502 2678 eum
525 2615 694 2679 Germania
713 2627 780 2699 est,
802 2615 1003 2699 periidioea?

629 2735 768 2796 Bulla..

243 2832 360 2915 Quid?
379 2833 470 2915 quasi
490 2855 571 2897 vero
592 2856 712 2896 nouum
731 2835 786 2910 eit,
807 2831 966 2917 negotiari
986 2831 1038 2894 hic
1050 2831 1160 2896 bullas.

576 2953 609 3014 H
621 2975 643 3015 u
652 2963 759 3014 ttenu
767 2975 793 3014 s.

240 3046 346 3114 Vetus
367 3061 430 3125 est,
454 3050 574 3126 satem
593 3052 650 3114 sed
671 3052 826 3116 vetustius
847 3052 950 3116 adhuc
966 3053 1066 3114 multo
1086 3053 1198 3119 abesse

135 3173 143 3229 '.
166 3148 248 3214 hine.
286 3154 397 3236 Atque
417 3151 514 3235 igitur
535 3164 693 3218 vetustum
713 3158 803 3239 quod
818 3155 918 3238 tnagis
931 3166 995 3232 est,
1014 3158 1198 3238 aequemur.

620 3289 749 3353 Bulla.

238 3389 293 3452 An
326 3408 399 3475 non
430 3386 481 3451 fas
514 3401 563 3451 est
595 3387 745 3450 Pontifici
772 3389 939 3462 Romano,
980 3386 1106 3451 mittere
1134 3389 1197 3452 hue

168 3500 326 3551 creaturas
346 3510 438 3566 suas,
459 3501 496 3551 ut
515 3489 608 3553 vobin
625 3488 803 3569 imperent?

573 3606 605 3668 H
612 3617 789 3670 uttenut.
851 3600 852 3603 '

228 3709 414 3816 'Quomodo
435 3727 506 3770 ease
525 3707 658 3789 posset?

616 3825 744 3888 Buiia.

236 3925 375 3989 Nescis?
395 3927 446 3987 Ex
458 3947 509 3988 me
522 3925 635 3989 disces.
656 3924 826 4009 imperium
839 3926 1017 3990 Romanum
1037 3923 1194 3989 dedemnt
1292 3933 1296 3938 ’

165 4026 253 4088 vobis
266 4027 438 4090 Pontifices
452 4029 597 4090 Romani.
638 4027 689 4090 Ob
709 4030 769 4089 tale
789 4050 881 4090 sunm
901 4028 1048 4089 meritum
1069 4024 1192 4089 anobis

163 4127 314 4210 exigunt,
348 4138 383 4190 ut
403 4127 502 4190 buttes
522 4127 632 4191 feratis
653 4128 723 4205 hic,
756 4141 787 4190 et
807 4133 945 4212 legatos,
976 4140 1007 4189 et
1027 4131 1191 4192 honestam

162 4226 405 4296 Curtisanorum
423 4230 682 4314 negotiationem.
769 4244 772 4251 ’

571 4349 787 4411 Hnttenue.
815 4403 818 4411 .

234 4447 304 4508 Nec
335 4447 513 4528 Epicureos
539 4449 611 4513 tatia
630 4447 814 4514 fabulantes
853 4449 974 4552 audivit
1007 4446 1186 4530 antiquitas.
