2618 5108
607 1183 647 1258 A.

38 1446 45 1454 '
110 1436 276 1509 Martino
301 1434 489 1526 Luthero,
515 1420 729 1534 Theologo‚
755 1431 1002 1532 Evangelistae
1027 1431 1140 1516 invie-

385 1572 546 1666 tissimo,
573 1574 691 1673 emico
719 1584 860 1650 saneto.

534 1773 716 1789 m

109 1902 283 1999 Exaudiet
302 1946 334 1999 te
353 1935 511 2001 Dominus
542 1937 573 1999 in
600 1939 652 2001 die
673 1939 894 2002 tribulationis.
933 1938 1087 2016 Protegat
1107 1948 1139 1998 te

113 2057 232 2098 nomen
254 2036 316 2099 Dei
348 2038 461 2102 Jacob.
513 2039 619 2102 Minas
637 2041 694 2102 tibi
715 2039 866 2102 auxilium
893 2039 933 2102 de
961 2049 1086 2117 sancto,
1107 2055 1141 2102 ct

110 2138 154 2202 de
184 2138 261 2200 Sion
290 2149 416 2201 tueatur
441 2151 483 2203 te.
530 2139 665 2203 'l'ribuat'
691 2140 749 2203 tibi
768 2142 943 2203 secundum
961 2160 1018 2201 cor
1036 2154 1138 2217 tarum,

111 2251 145 2302 et
165 2261 259 2301 omne
279 2240 443 2303 consilium
471 2252 559 2303 tuum
579 2245 754 2307 confirmet.
804 2241 934 2324 Impleat
953 2262 1062 2303 omnes
1084 2263 1141 2323 pe·

113 2341 242 2405 titiones
264 2352 350 2417 tuas,
371 2353 402 2405 et
423 2343 570 2405 exaudiat
590 2359 620 2406 te
641 2345 680 2408 de
701 2347 779 2406 coelo
800 2356 909 2406 sancto
930 2363 1006 2419 suo,
1028 2341 1061 2403 in
1079 2362 1139 2424 po-

112 2441 284 2506 tentatibus
305 2443 443 2505 dexterao
463 2466 537 2520 strae.
576 2445 663 2522 Quid
683 2445 766 2507 aliud
786 2444 868 2508 enim
890 2443 994 2507 debeo
1015 2441 1138 2524 precari

111 2545 171 2607 hac
187 2555 370 2624 tempestate
387 2544 462 2620 tibi,
482 2545 525 2607 mi
542 2544 727 2608 amicissime
747 2556 903 2623 Lutlzere,
921 2543 964 2608 mi
984 2563 1139 2607 veneran·
1218 2560 1222 2564 ·

110 2646 152 2728 do
180 2647 300 2710 Pater?
332 2645 524 2710 Consortare
546 2659 576 2711 et
596 2647 746 2709 robustus
767 2650 851 2709 esto!
883 2646 991 2723 vides,
1013 2667 1082 2727 quae
1102 2640 1137 2706 in

111 2759 143 2810 te
165 2749 230 2808 alca
253 2759 377 2822 currat,
417 2748 472 2831 qui
492 2748 587 2810 cardo
608 2760 760 2811 vertatur·
799 2747 919 2810 Deme
946 2767 1012 2807 non
1038 2742 1137 2806 debes

112 2869 254 2932 unquam
274 2847 438 2910 dubitare:
465 2849 541 2912 dum
561 2849 690 2932 quidem
705 2860 851 2912 constans
868 2848 920 2910 tibi
937 2847 976 2908 ad
996 2843 1139 2909 ultimum

112 2971 217 3031 usque
245 2949 388 3031 spiritum
426 2950 602 3012 adhaerebo.
663 2950 951 3014 Circumdederunt
980 2959 1011 3009 te
1045 2963 1138 3008 canes

112 3050 222 3126 multi,
254 3062 285 3111 et
312 3049 478 3112 concilium
504 3052 739 3131 malignantium
768 3051 893 3113 obsedit
912 3060 954 3113 te.
993 3051 1139 3129 Aperue-

113 3163 189 3216 runt
208 3174 305 3233 super
324 3163 355 3213 te
377 3172 412 3212 os
432 3173 540 3227 suum,
562 3153 643 3214 sieut
662 3155 771 3215 leones
791 3153 948 3233 rapientes
964 3164 995 3212 et
1007 3147 1139 3231 rugien-

113 3272 172 3317 tes.
211 3255 377 3314 Exsultant
398 3265 430 3314 et
451 3255 593 3315 laetantur
612 3276 708 3335 super
728 3266 780 3330 le,
801 3265 977 3338 quaerentes
993 3262 1035 3313 te.
1074 3248 1139 3311 Sed

112 3352 271 3418 Dominus
293 3353 442 3416 sollicitus
469 3366 516 3415 est
536 3354 597 3429 tui,
631 3369 662 3417 et
687 3357 798 3418 reddet
825 3353 1065 3418 retributionem
1084 3371 1138 3411 su·

112 3456 232 3539 perbis.
272 3454 455 3537 Consurget
468 3466 570 3517 tecum
583 3451 733 3520 arlversus
749 3458 966 3539 malignantes,
987 3463 1019 3512 et
1031 3462 1138 3512 tecum

112 3559 205 3622 stabit
235 3557 385 3620 adversus
414 3570 581 3638 operantes
613 3559 819 3642 iniquitatem.
872 3555 998 3619 Reddet
1032 3549 1137 3631 impiis

113 3658 308 3743 iniquitatem
328 3680 426 3734 suam,
446 3671 477 3719 et
498 3660 611 3722 malitia
631 3684 689 3722 sua
707 3661 868 3741 disperdet
883 3678 949 3720 eos.
989 3653 1040 3715 Sic
1060 3672 1137 3733 pro-

113 3760 198 3823 tecto
230 3763 301 3837 liet,
340 3761 401 3835 sic,
435 3769 586 3826 Lachere.
625 3763 705 3823 Nam
739 3760 912 3822 connivere
946 3757 985 3818 ad
1022 3765 1138 3815 tantam

114 3862 246 3924 ulterius
275 3862 460 3943 pravitatem
486 3884 551 3923 non
577 3873 683 3944 potest
710 3863 815 3936 Deus,
848 3858 948 3938 justus
980 3854 1079 3935 judex
1104 3861 1137 3916 et

112 3963 218 4028 fortis.
256 3966 370 4045 Pugna
401 3974 529 4026 strenue
559 3987 617 4044 pro
647 3961 794 4034 Christo,
822 3971 853 4020 et
881 3982 920 4020 ue
940 3958 1017 4019 cede
1037 3955 1135 4030 malis,

115 4065 173 4127 scd
202 4076 310 4126 contra
331 4063 499 4126 audentior
527 4064 589 4126 ito!
635 4064 699 4124 Fer
720 4060 934 4134 afflictionem,
966 4073 1002 4119 ut
1032 4057 1136 4117 lronus

114 4167 204 4230 miles
225 4164 338 4227 Christi
358 4167 452 4238 Jesu‚
487 4176 521 4226 ut
541 4164 674 4227 suscites
695 4165 813 4226 donum
832 4161 910 4237 Dei,
944 4159 1031 4242 quod
1053 4155 1135 4218 inte

116 4278 179 4331 cst:
207 4279 327 4342 certus,
348 4269 437 4351 quod
456 4267 481 4328 is
499 4265 550 4327 eui
568 4266 745 4342 credidisti,
766 4278 879 4347 potens
899 4260 938 4326 sit
957 4257 1137 4340 depositum

114 4382 206 4436 tuum
226 4369 387 4433 custodire
408 4368 441 4431 in
460 4369 542 4431 illam
562 4368 661 4431 diem!
703 4371 773 4452 Ego
793 4368 876 4431 idem
896 4377 1023 4430 strenue
1042 4378 1137 4420 cona-
