2618 5108
165 840 243 916 336·
374 843 516 918 Erasmi
540 844 624 920 Rot.
652 845 700 918 ad
724 845 767 917 U.
791 849 993 923 lluttenum

163 1054 229 1098 sem
248 1036 430 1112 Erasmum,
457 1056 499 1098 ne
518 1035 578 1099 sibi
595 1035 710 1099 lrustra
726 1049 901 1101 accerseret
920 1036 1039 1099 odium.
1076 1038 1120 1098 Et
1138 1047 1184 1098 ta·

161 1156 234 1198 men
263 1136 412 1199 admonui
437 1137 714 1219 Eppendorpium,
749 1141 775 1202 si
795 1159 904 1220 posses
935 1140 1044 1201 abesse
1064 1138 1102 1199 ab
1123 1137 1180 1216 hy·

161 1237 337 1318 pocaustis,
360 1259 429 1321 quae
449 1260 511 1318 ego
532 1241 617 1302 nullo
637 1251 729 1321 pacto
748 1240 835 1303 ferre
855 1260 999 1321 possum,
1020 1237 1094 1300 milri
1115 1258 1181 1298 non

159 1334 317 1420 ingratum
347 1338 420 1401 fore
456 1350 545 1402 tuum
574 1340 778 1424 colloquium.
830 1341 978 1401 Fortasse
1009 1360 1075 1399 nou
1107 1348 1180 1400 sunt

159 1460 226 1500 mea
245 1438 279 1499 iu
299 1449 329 1499 te
351 1440 469 1515 officia,
500 1461 569 1523 quae
590 1461 849 1518 commemorem,
880 1439 956 1501 etsi
981 1461 1043 1521 qua
1063 1448 1180 1514 essent,

158 1540 300 1620 ineptum
321 1540 378 1616 sit,
399 1561 435 1603 ea
455 1561 472 1602 a
491 1562 541 1603 me
561 1541 810 1604 commemorari.
856 1544 929 1604 Hoc
951 1560 1080 1622 possum
1101 1558 1178 1600 vere

156 1641 346 1722 praedicare,
374 1662 424 1704 me
444 1643 561 1705 veteris
581 1642 809 1706 benevolentiae
829 1664 953 1721 semper
970 1641 1069 1703 fuisse
1091 1650 1179 1700 tena-

155 1740 330 1816 cissimum,
358 1761 417 1803 nec
445 1764 585 1826 unquam
610 1744 785 1805 Huttenum
816 1765 903 1805 ame
930 1745 980 1803 vel
1010 1741 1096 1802 (licto
1125 1741 1177 1800 vel

154 1841 238 1905 sacto
264 1840 363 1904 luisse
391 1843 507 1905 lesum.
552 1846 625 1924 Ego
651 1864 719 1906 sum
745 1843 839 1921 hujus
866 1841 975 1917 animi,
1006 1853 1041 1903 ut
1060 1851 1178 1902 tantam

156 1940 337 2018 amicitiam,
369 1955 516 2026 quantam
535 1945 617 2006 inter
640 1965 698 2006 nos
725 1944 929 2005 conciliarunt
950 1943 1040 2004 bonae
1067 1942 1175 2016 literae,

153 2041 209 2105 vix
229 2043 322 2106 etiam
349 2044 552 2126 parricidium
579 2044 726 2107 dirimere
757 2044 878 2106 dcbcat.
930 2045 1008 2106 Sunt
1027 2042 1174 2118 fortasse,

157 2143 213 2228 qui
232 2155 264 2207 te
283 2143 434 2227 instigent
452 2142 485 2206 in
504 2164 573 2221 me,
593 2146 654 2208 hoc
674 2157 802 2227 agentes
823 2157 857 2206 ut
877 2156 933 2205 tuo
954 2142 1024 2205 stilo
1043 2143 1175 2203 abutan-

152 2257 204 2308 tur
225 2247 264 2308 ad
284 2245 378 2308 animi
410 2245 459 2308 sui
479 2247 683 2308 saturandum
702 2246 819 2307 odium.
866 2245 961 2323 Quod
992 2243 1018 2305 si
1044 2240 1172 2318 feceris,

151 2345 227 2408 illud
256 2346 354 2407 scito:
386 2345 521 2425 primum
549 2347 645 2408 facies
674 2347 706 2408 in
734 2346 965 2420 immerentem,
995 2365 1061 2405 non
1086 2344 1172 2406 enim

152 2443 253 2507 dicam
267 2445 350 2508 bene
366 2445 528 2522 meritum,
546 2458 632 2508 certe
649 2445 680 2507 in
695 2448 751 2508 tibi
764 2448 845 2509 bene
859 2450 1034 2520 volentem,
1055 2444 1172 2508 deinde

149 2566 217 2611 rem
250 2545 347 2609 facies
378 2557 497 2621 Jacobo
530 2559 743 2629 Hochstrato,
784 2560 922 2615 Nicolao
954 2560 1170 2633 Eqmondano

148 2648 280 2731 aliisque
301 2650 532 2729 compluribus,
554 2671 636 2735 quos
649 2661 684 2712 tu
698 2671 756 2729 pro
770 2651 896 2713 summis
911 2652 1052 2713 hostibus
1066 2647 1168 2726 ducis,

146 2750 243 2833 longe
256 2749 484 2833 gratissimam,
504 2762 650 2813 caeterum
669 2771 867 2831 summopere
889 2753 1048 2813 molestam
1069 2751 1169 2812 bona·

145 2872 216 2937 rum
230 2851 389 2913 literarum
405 2852 587 2927 cultoribus,
610 2872 746 2936 quorum
763 2864 793 2912 te
810 2851 967 2929 profiteris
983 2873 1168 2934 propugna-

144 2961 257 3014 torem.
295 2953 468 3033 Quomodo
483 2952 694 3032 repubescent
710 2953 760 3013 illa
773 2963 936 3032 portenta,
965 2953 991 3013 si
1011 2951 1169 3012 senserint

145 3048 338 3128 Huttenum,
361 3053 443 3115 illam
467 3053 512 3116 sic
533 3054 703 3115 adamatam
722 3064 861 3118 Erasmo
891 3052 1011 3132 ingenii
1040 3072 1165 3129 venam,

142 3147 229 3216 illum
260 3152 354 3214 toties
391 3154 590 3239 predicatum
623 3164 763 3218 Erasmo
793 3156 896 3216 stilum
925 3154 957 3214 in
990 3165 1167 3219 Erasmum

143 3245 322 3337 stringere?
352 3253 458 3334 Quare
472 3253 577 3316 'fuerit
595 3257 656 3316 hoc
677 3267 736 3317 tum
755 3256 945 3335 prudentiae,
980 3254 1167 3337 prinsquam

141 3357 289 3417 tollantur
309 3352 418 3436 signa,
443 3354 625 3437 priusquam
644 3376 741 3417 rauco
762 3365 890 3437 crepent
910 3378 1031 3418 cornua
1052 3368 1164 3434 cantu,

141 3454 326 3539 priusquam
368 3454 444 3517 tuba
477 3455 648 3517 terribilem
683 3457 766 3517 bello
807 3456 943 3519 sonitum
978 3468 1166 3522 taratantara

141 3556 242 3632 dicat,
274 3555 372 3618 veluti
407 3555 509 3618 missis
537 3568 624 3637 patre
657 3566 777 3635 patrato
810 3578 844 3617 ac
871 3557 998 3633 feciale,
1032 3558 1163 3620 secretis

141 3654 241 3720 literis
282 3657 321 3717 ad
348 3677 397 3718 me
427 3656 526 3718 libere
556 3669 587 3717 et
619 3657 716 3718 amice
751 3656 963 3732 perscribere,
1008 3658 1086 3739 quid
1120 3662 1163 3722 tle

139 3778 190 3820 me
214 3758 269 3818 tibi
290 3757 426 3819 delatum
453 3757 507 3832 sit,
543 3768 596 3818 aut
624 3756 701 3840 quid
728 3757 856 3818 omnino
877 3759 934 3833 sit,
961 3759 1050 3840 quod
1070 3763 1163 3822 exul-

139 3864 226 3921 ce'ret
255 3857 391 3919 animum
422 3867 520 3919 tuum.
582 3859 660 3919 Nam
689 3856 773 3937 ipse,
808 3859 851 3919 ita
881 3881 931 3920 me
961 3861 1049 3922 Deus
1074 3860 1162 3923 bene

139 3968 238 4028 amet,
272 3979 336 4018 non
366 3979 494 4038 possum
522 3957 674 4021 divinare.
714 3960 802 4044 „non
834 3961 961 4036 (bibito,
994 3962 1070 4044 quin
1101 3961 1161 4024 tibi

82 4104 86 4111 -
138 4080 196 4142 per
228 4055 332 4119 omnia
359 4056 417 4119 sim
447 4058 678 4134 satisfacturus,
718 4059 778 4121 nisi
810 4084 938 4140 prorsus
974 4062 1050 4124 alius
1087 4084 1159 4128 esse

137 4159 257 4242 coepisti
279 4181 372 4242 qumn
391 4158 464 4222 olim
484 4159 593 4222 fueris.
633 4160 757 4222 Utinam
776 4162 818 4222 mi
839 4176 988 4242 I-lntlenc,
1019 4187 1083 4225 non
1104 4167 1160 4227 ha-

136 4259 229 4323 beres
261 4259 337 4321 alios
368 4262 473 4322 hostes
506 4283 599 4343 quam
629 4275 812 4328 Erasmzmz.
872 4266 995 4328 Utinam
1024 4267 1158 4329 haberes

136 4361 289 4447 quicquid
309 4364 360 4426 hic
381 4362 525 4424 inimicus
548 4364 604 4424 tibi
625 4378 727 4446 optat,
748 4379 822 4446 puta
836 4370 896 4428 hoc
909 4368 962 4428 tibi
977 4370 1016 4428 ‹le
1030 4368 1157 4450 tripnclc

136 4463 264 4525 dictum.
303 4464 372 4526 Jam
392 4463 418 4526 si
439 4475 470 4526 te
490 4463 529 4524 ab
550 4463 692 4529 instituto
712 4489 864 4531 revocare
885 4490 951 4530 non
970 4481 1075 4552 potest
1094 4490 1157 4532 nec
