2618 5108
87 760 158 835 Μ
380 755 583 837 Poedonea
630 760 818 863 Dialogus.

85 949 213 1017 civitate
229 962 392 1016 manentes
407 951 480 1016 forn
490 964 628 1032 mont,
645 952 807 1040 primique
821 957 903 1034 sint,
922 958 980 1042 qui
994 959 1109 1023 tumui·

83 1062 136 1117 tus
151 1050 311 1131 excitent,
329 1063 480 1121 etatum
492 1055 678 1121 discordias.
698 1058 805 1133 ldern,
823 1056 851 1122 ai
863 1052 1110 1123 aintnccassarii

83 1151 196 1231 etim,
218 1175 259 1217 ex
279 1152 405 1219 civibus
423 1166 529 1221 tamen
546 1175 618 1222 ease
630 1168 727 1222 vetat.
765 1158 879 1238 Vides,
897 1171 932 1223 ut
950 1159 1110 1225 civitatem

83 1254 174 1325 vobi·
193 1258 318 1325 claudat
334 1257 521 1323 Aristotelea
539 1258 700 1341 quoque?

458 1382 722 1447 Frsnoiacus.

93 1516 97 1523 ·
157 1486 202 1551 Bt
218 1498 324 1551 tamen
341 1484 402 1549 soii
417 1504 509 1568 pene
526 1485 668 1550 habitant
684 1484 826 1549 civitates
844 1485 897 1549 isti
915 1506 1013 1550 nrmc.

158 1708 203 1777 tn
220 1708 310 1777 dicis.
349 1609 647 1776 Tmnmiititiitiii
655 1630 877 1793 tpiiccipiendo
890 1718 1030 1792 nugator
1044 1708 1115 1772 illes

488 1828 705 1892 Huttenus.
739 1828 754 1860 ⁸

162 1929 219 1993 Ille
246 1928 408 2013 nugatori
451 1950 548 2013 quem
581 1928 743 2011 Theologi
771 1946 857 1989 nunc
896 1936 929 1987 et
963 1925 1111 1989 Mendici
1221 2000 1222 2015 χ

82 2022 198 2095 flatres
217 2049 279 2114 pro
307 2030 380 2093 Deo
399 2028 541 2092 haberit?
573 2040 725 2095 Socrates
749 2039 853 2090 autem
885 2026 963 2110 quid
987 2038 1110 2103 censet,

81 2140 155 2194 ctam
166 2130 259 2194 dicit:
279 2129 323 2193 ita
336 2150 354 2192 a
369 2128 485 2192 divitiis
496 2128 645 2192 virtutem
656 2129 855 2211 discrepare,
873 2126 1110 2212 quaaiutraque

80 2228 116 2295 in
135 2233 224 2294 lance
243 2241 365 2294 staterae
384 2230 447 2293 sint
465 2230 568 2312 posita
590 2233 670 2307 haec,
700 2249 892 2313 semperque
918 2228 952 2290 in
981 2238 1110 2292 contra·

81 2329 144 2394 rias
164 2352 182 2393 a
199 2351 234 2392 se
254 2346 358 2413 partes
379 2331 547 2394 nitantur?
575 2331 665 2394 Ideni
683 2330 718 2393 in
735 2329 879 2406 civitate,
900 2330 1110 2413 quandocun·
1221 2368 1222 2415 1

2 2445 6 2453 '
81 2450 147 2515 qne
179 2428 296 2493 divitiae
326 2442 360 2493 at
391 2429 506 2495 divites
535 2433 753 2509 honorentur,
792 2431 944 2493 virtutem
970 2430 1111 2513 probos·

80 2552 146 2618 qua
172 2530 261 2595 viros
287 2532 428 2616 despici,
458 2544 544 2595 recte
564 2533 608 2596 ait
634 2544 667 2595 et
695 2554 784 2596 vere.
832 2533 912 2594 Nam
931 2530 973 2595 its
990 2531 1111 2613 possint

80 2634 128 2697 fit.
165 2643 262 2699 Plato
282 2654 415 2718 quoqne
434 2635 526 2696 valde
545 2633 678 2709 divites,
697 2634 801 2696 bonos
820 2631 909 2695 viros
927 2653 994 2695 non
1015 2653 1107 2710 esae;

79 2744 163 2803 Bion
182 2744 304 2811 autem,
324 2754 367 2795 cx
380 2732 579 2815 sapientibus
592 2754 691 2811 unus,
710 2734 863 2797 ridiculos
878 2755 948 2797 esse
962 2735 1111 2800 homines

79 2848 188 2920 putat,
219 2837 275 2922 qui
295 2833 413 2899 divitiis
432 2835 579 2911 student,
610 2857 690 2920 quas
715 2835 846 2898 fortuna
864 2836 1019 2918 praebeat,
1047 2834 1109 2899 itti·

78 2939 224 3003 beralitas
236 2936 406 3011 custodiat,
427 2938 567 3019 probitas
580 2937 712 2999 auferat.
750 2938 793 2999 Et
804 2946 981 3021 Dioqenes,
996 2928 1109 3021 nequo

75 3040 113 3101 'in
143 3038 286 3115 civitate,
317 3058 427 3123 neque
458 3039 492 3102 in
519 3039 616 3101 domo
647 3037 746 3102 divite
766 3038 914 3102 virtutem
937 3059 1035 3121 posse
1052 3040 1110 3103 ha·

78 3141 191 3206 bitere.

470 3217 693 3281 Mercator.

47 3402 51 3408 ⁸
157 3319 321 3402 Quorsum
337 3317 429 3385 hec?
448 3317 548 3400 Quasi
567 3318 626 3381 soli
645 3318 760 3382 divites
779 3318 841 3381 sint
859 3328 1063 3384 mercatores.

474 3429 697 3491 Huttenua.

152 3530 229 3595 Non
247 3530 337 3615 quod
355 3528 416 3593 soli
433 3528 514 3605 sint,
536 3529 594 3591 sed
613 3528 702 3610 quod
720 3525 856 3590 maxime
872 3527 1015 3591 omnium
1032 3546 1105 3592 ease

80 3631 245 3708 studeant,
278 3631 492 3714 quoniamque
525 3650 624 3691 unum
651 3630 714 3690 hoc
743 3628 802 3690 iilis
831 3629 1037 3709 proponitur,
1069 3638 1105 3693 ut

79 3731 241 3795 ditescant.
280 3733 384 3815 Negas
412 3746 516 3792 autern
548 3729 689 3793 odiosam
713 3751 784 3794 esso
817 3730 899 3793 illam
927 3729 1020 3797 nimia
1046 3752 1104 3795 ex·

80 3820 226 3918 ‹puisitam
245 3829 318 3895 vita
337 3831 546 3895 munditiem?

478 3940 704 4002 Mercator.

153 4002 250 4107 ilaud
278 4063 376 4125 nego.
422 4041 502 4104 Nam
530 4042 565 4104 in
594 4048 821 4108 Sacerdotibus
850 4042 991 4107 detestor
1020 4042 1103 4127 ipre,

79 4165 139 4207 nec
157 4142 192 4209 in
210 4141 303 4208 nobis
321 4143 438 4229 probo.

482 4237 703 4300 Huttenus.

152 4338 195 4401 Et
214 4336 341 4403 sortiter
355 4310 474 4401 dictum
493 4335 614 4417 judicas
633 4339 811 4402 aanano
824 4336 897 4400 iilo:
916 4332 1097 4400 munditiem

77 4436 281 4519 mulieribus,
300 4440 442 4506 laborem
460 4436 536 4502 viris
558 4437 757 4503 convenire?
1057 4452 1065 4465 ·
