<?xml version="1.0" encoding="UTF-8"?>
<!DOCTYPE html PUBLIC "-//W3C//DTD XHTML 1.0 Transitional//EN"
    "http://www.w3.org/TR/xhtml1/DTD/xhtml1-transitional.dtd">
<html xmlns="http://www.w3.org/1999/xhtml" xml:lang="en" lang="en">
 <head>
  <title>
</title>
<meta http-equiv="Content-Type" content="text/html;charset=utf-8" />
  <meta name='ocr-system' content='tesseract 3.04.00' />
  <meta name='ocr-capabilities' content='ocr_page ocr_carea ocr_par ocr_line ocrx_word'/>
</head>
<body>
  <div class='ocr_page' id='page_1' title='image "./ulrichiabhutten00mngoog_0390.png"; bbox 0 0 2618 5108; ppageno 0'>
   <div class='ocr_carea' id='block_1_1' title="bbox 158 802 1044 894">
    <p class='ocr_par' dir='ltr' id='par_1_1' title="bbox 158 748 1074 894">
     <span class='ocr_line' id='line_1_1' title="bbox 158 802 1044 894; baseline -0.004 -1"><span class='ocrx_word' id='word_1_1' title='bbox 158 802 233 894; x_wconf 58' lang='grc' dir='ltr'>Μ</span> <span class='ocrx_word' id='word_1_2' title='bbox 324 810 402 889; x_wconf 84' lang='lat' dir='ltr'><strong>Utr.</strong></span> <span class='ocrx_word' id='word_1_3' title='bbox 428 813 476 887; x_wconf 83' lang='lat' dir='ltr'><strong>ab</strong></span> <span class='ocrx_word' id='word_1_4' title='bbox 500 810 642 887; x_wconf 87' lang='lat' dir='ltr'><strong>Hutten</strong></span> <span class='ocrx_word' id='word_1_5' title='bbox 666 834 753 887; x_wconf 86' lang='lat' dir='ltr'><strong>cum</strong></span> <span class='ocrx_word' id='word_1_6' title='bbox 775 812 934 890; x_wconf 77' lang='lat' dir='ltr'><strong>Emmo</strong></span> <span class='ocrx_word' id='word_1_7' title='bbox 957 815 1044 892; x_wconf 77' lang='lat' dir='ltr'><strong>Rot</strong></span> 
     </span>
    </p>
   </div>
   <div class='ocr_carea' id='block_1_2' title="bbox 98 1002 1194 4532">
    <p class='ocr_par' dir='ltr' id='par_1_2' title="bbox 98 1002 1194 4532">
     <span class='ocr_line' id='line_1_2' title="bbox 156 1002 1192 1094; baseline -0.003 -21"><span class='ocrx_word' id='word_1_8' title='bbox 156 1007 364 1094; x_wconf 64' lang='grc' dir='ltr'>Μίδεω</span> <span class='ocrx_word' id='word_1_9' title='bbox 389 1003 523 1071; x_wconf 73' lang='lat' dir='ltr'><strong>vivendi</strong></span> <span class='ocrx_word' id='word_1_10' title='bbox 540 1004 708 1069; x_wconf 72' lang='lat' dir='ltr'><strong>normam?</strong></span> <span class='ocrx_word' id='word_1_11' title='bbox 742 1004 775 1071; x_wconf 78' lang='lat' dir='ltr'>A</span> <span class='ocrx_word' id='word_1_12' title='bbox 791 1002 884 1088; x_wconf 80' lang='lat' dir='ltr'><strong>cujus</strong></span> <span class='ocrx_word' id='word_1_13' title='bbox 910 1005 1032 1089; x_wconf 82' lang='lat' dir='ltr'><strong>placitis</strong></span> <span class='ocrx_word' id='word_1_14' title='bbox 1057 1006 1107 1071; x_wconf 80' lang='lat' dir='ltr'><strong>ias</strong></span> <span class='ocrx_word' id='word_1_15' title='bbox 1123 1026 1192 1070; x_wconf 89' lang='lat' dir='ltr'><strong>non</strong></span> 
     </span>
     <span class='ocr_line' id='line_1_3' title="bbox 158 1105 1192 1193; baseline -0.005 -17"><span class='ocrx_word' id='word_1_16' title='bbox 158 1108 204 1175; x_wconf 80' lang='lat' dir='ltr'><strong>att-</strong></span> <span class='ocrx_word' id='word_1_17' title='bbox 219 1109 398 1176; x_wconf 83' lang='lat' dir='ltr'><strong>discedere.</strong></span> <span class='ocrx_word' id='word_1_18' title='bbox 445 1109 551 1190; x_wconf 84' lang='lat' dir='ltr'><strong>Quem</strong></span> <span class='ocrx_word' id='word_1_19' title='bbox 569 1105 673 1182; x_wconf 79' lang='lat' dir='ltr'><strong>terre,</strong></span> <span class='ocrx_word' id='word_1_20' title='bbox 704 1117 986 1193; x_wconf 86' lang='lat' dir='ltr'><strong>quantumcunque</strong></span> <span class='ocrx_word' id='word_1_21' title='bbox 1014 1108 1192 1186; x_wconf 70' lang='lat' dir='ltr'><strong>maturuit,</strong></span> 
     </span>
     <span class='ocr_line' id='line_1_4' title="bbox 159 1206 1193 1297; baseline -0.004 -20"><span class='ocrx_word' id='word_1_22' title='bbox 159 1211 331 1297; x_wconf 74' lang='lat' dir='ltr'><strong>oporteat?</strong></span> <span class='ocrx_word' id='word_1_23' title='bbox 365 1208 431 1293; x_wconf 81' lang='lat' dir='ltr'><strong>Qui</strong></span> <span class='ocrx_word' id='word_1_24' title='bbox 462 1218 619 1273; x_wconf 83' lang='lat' dir='ltr'><strong>terrarum</strong></span> <span class='ocrx_word' id='word_1_25' title='bbox 661 1206 865 1291; x_wconf 73' lang='lat' dir='ltr'><strong>Principibus</strong></span> <span class='ocrx_word' id='word_1_26' title='bbox 903 1212 1092 1274; x_wconf 80' lang='lat' dir='ltr'><strong>osculandos</strong></span> <span class='ocrx_word' id='word_1_27' title='bbox 1133 1230 1193 1291; x_wconf 85' lang='lat' dir='ltr'><strong>pc-</strong></span> 
     </span>
     <span class='ocr_line' id='line_1_5' title="bbox 163 1308 1193 1395; baseline -0.01 -14"><span class='ocrx_word' id='word_1_28' title='bbox 163 1316 222 1381; x_wconf 80' lang='lat' dir='ltr'><strong>dea</strong></span> <span class='ocrx_word' id='word_1_29' title='bbox 240 1323 329 1378; x_wconf 85' lang='lat' dir='ltr'><strong>recte</strong></span> <span class='ocrx_word' id='word_1_30' title='bbox 347 1308 508 1395; x_wconf 80' lang='lat' dir='ltr'><strong>porrigat,</strong></span> <span class='ocrx_word' id='word_1_31' title='bbox 538 1309 649 1372; x_wconf 88' lang='lat' dir='ltr'><strong>mundi</strong></span> <span class='ocrx_word' id='word_1_32' title='bbox 668 1330 768 1392; x_wconf 85' lang='lat' dir='ltr'><strong>regna</strong></span> <span class='ocrx_word' id='word_1_33' title='bbox 786 1311 827 1373; x_wconf 88' lang='lat' dir='ltr'><strong>ad</strong></span> <span class='ocrx_word' id='word_1_34' title='bbox 844 1332 938 1375; x_wconf 87' lang='lat' dir='ltr'><strong>suurn</strong></span> <span class='ocrx_word' id='word_1_35' title='bbox 959 1310 1122 1393; x_wconf 79' lang='lat' dir='ltr'><strong>dispenset</strong></span> <span class='ocrx_word' id='word_1_36' title='bbox 1142 1331 1193 1372; x_wconf 90' lang='lat' dir='ltr'><strong>ar·</strong></span> 
     </span>
     <span class='ocr_line' id='line_1_6' title="bbox 98 1411 1192 1497; baseline -0.004 -19"><span class='ocrx_word' id='word_1_37' title='bbox 98 1490 102 1497; x_wconf 24' lang='grc' dir='ltr'>Ι</span> <span class='ocrx_word' id='word_1_38' title='bbox 156 1414 305 1485; x_wconf 69' lang='lat' dir='ltr'><strong>binium.</strong></span> <span class='ocrx_word' id='word_1_39' title='bbox 327 1415 424 1476; x_wconf 85' lang='lat' dir='ltr'><strong>coelos</strong></span> <span class='ocrx_word' id='word_1_40' title='bbox 443 1413 577 1488; x_wconf 80' lang='lat' dir='ltr'><strong>vendat,</strong></span> <span class='ocrx_word' id='word_1_41' title='bbox 599 1413 772 1475; x_wconf 87' lang='lat' dir='ltr'><strong>animarum</strong></span> <span class='ocrx_word' id='word_1_42' title='bbox 791 1412 831 1475; x_wconf 85' lang='lat' dir='ltr'><strong>ab</strong></span> <span class='ocrx_word' id='word_1_43' title='bbox 849 1435 886 1477; x_wconf 85' lang='lat' dir='ltr'><strong>se</strong></span> <span class='ocrx_word' id='word_1_44' title='bbox 904 1416 1036 1476; x_wconf 76' lang='lat' dir='ltr'><strong>satutem</strong></span> <span class='ocrx_word' id='word_1_45' title='bbox 1056 1411 1192 1475; x_wconf 78' lang='lat' dir='ltr'><strong>mercari</strong></span> 
     </span>
     <span class='ocr_line' id='line_1_7' title="bbox 157 1512 1192 1599; baseline -0.01 -15"><span class='ocrx_word' id='word_1_46' title='bbox 157 1515 304 1584; x_wconf 77' lang='lat' dir='ltr'><strong>nomines</strong></span> <span class='ocrx_word' id='word_1_47' title='bbox 324 1512 457 1599; x_wconf 78' lang='lat' dir='ltr'><strong>jubeat?</strong></span> <span class='ocrx_word' id='word_1_48' title='bbox 483 1514 577 1576; x_wconf 85' lang='lat' dir='ltr'><strong>Hanc</strong></span> <span class='ocrx_word' id='word_1_49' title='bbox 601 1523 637 1574; x_wconf 90' lang='lat' dir='ltr'><strong>tu</strong></span> <span class='ocrx_word' id='word_1_50' title='bbox 663 1512 739 1576; x_wconf 89' lang='lat' dir='ltr'><strong>mihi</strong></span> <span class='ocrx_word' id='word_1_51' title='bbox 758 1515 892 1577; x_wconf 82' lang='lat' dir='ltr'>ostende</span> <span class='ocrx_word' id='word_1_52' title='bbox 918 1513 1120 1595; x_wconf 79' lang='lat' dir='ltr'><strong>scripturam,</strong></span> <span class='ocrx_word' id='word_1_53' title='bbox 1142 1513 1192 1575; x_wconf 90' lang='lat' dir='ltr'><strong>in·</strong></span> 
     </span>
     <span class='ocr_line' id='line_1_8' title="bbox 158 1612 1192 1705; baseline -0.007 -21"><span class='ocrx_word' id='word_1_54' title='bbox 158 1638 273 1705; x_wconf 79' lang='lat' dir='ltr'><strong>qum,</strong></span> <span class='ocrx_word' id='word_1_55' title='bbox 300 1618 357 1682; x_wconf 83' lang='lat' dir='ltr'><strong>aad</strong></span> <span class='ocrx_word' id='word_1_56' title='bbox 375 1612 533 1692; x_wconf 84' lang='lat' dir='ltr'><strong>divinam,</strong></span> <span class='ocrx_word' id='word_1_57' title='bbox 559 1625 614 1677; x_wconf 87' lang='lat' dir='ltr'><strong>aut</strong></span> <span class='ocrx_word' id='word_1_58' title='bbox 640 1615 874 1696; x_wconf 74' lang='lat' dir='ltr'><strong>Apostolicoru,</strong></span> <span class='ocrx_word' id='word_1_59' title='bbox 907 1626 939 1678; x_wconf 89' lang='lat' dir='ltr'><strong>et</strong></span> <span class='ocrx_word' id='word_1_60' title='bbox 963 1615 1110 1677; x_wconf 81' lang='lat' dir='ltr'><strong>traduces</strong></span> <span class='ocrx_word' id='word_1_61' title='bbox 1139 1634 1192 1677; x_wconf 77' lang='lat' dir='ltr'><strong>nic</strong></span> 
     </span>
     <span class='ocr_line' id='line_1_9' title="bbox 160 1715 1194 1805; baseline -0.006 -22"><span class='ocrx_word' id='word_1_62' title='bbox 160 1724 295 1805; x_wconf 76' lang='lat' dir='ltr'><strong>quoque</strong></span> <span class='ocrx_word' id='word_1_63' title='bbox 318 1740 336 1781; x_wconf 89' lang='lat' dir='ltr'><strong>a</strong></span> <span class='ocrx_word' id='word_1_64' title='bbox 355 1717 528 1793; x_wconf 89' lang='lat' dir='ltr'><strong>sententia,</strong></span> <span class='ocrx_word' id='word_1_65' title='bbox 548 1734 713 1799; x_wconf 79' lang='lat' dir='ltr'><strong>cogesquc</strong></span> <span class='ocrx_word' id='word_1_66' title='bbox 733 1724 838 1778; x_wconf 85' lang='lat' dir='ltr'><strong>tecum</strong></span> <span class='ocrx_word' id='word_1_67' title='bbox 857 1717 968 1779; x_wconf 81' lang='lat' dir='ltr'><strong>adesse</strong></span> <span class='ocrx_word' id='word_1_68' title='bbox 989 1715 1134 1799; x_wconf 78' lang='lat' dir='ltr'><strong>dignitati</strong></span> <span class='ocrx_word' id='word_1_69' title='bbox 1155 1716 1194 1777; x_wconf 87' lang='lat' dir='ltr'><strong>ii·</strong></span> 
     </span>
     <span class='ocr_line' id='line_1_10' title="bbox 158 1814 1191 1900; baseline -0.009 -13"><span class='ocrx_word' id='word_1_70' title='bbox 158 1818 221 1887; x_wconf 71' lang='lat' dir='ltr'><strong>tius</strong></span> <span class='ocrx_word' id='word_1_71' title='bbox 252 1818 348 1885; x_wconf 81' lang='lat' dir='ltr'><strong>sedis.</strong></span> <span class='ocrx_word' id='word_1_72' title='bbox 399 1817 499 1900; x_wconf 84' lang='lat' dir='ltr'><strong>Quod</strong></span> <span class='ocrx_word' id='word_1_73' title='bbox 523 1816 551 1880; x_wconf 91' lang='lat' dir='ltr'><strong>si</strong></span> <span class='ocrx_word' id='word_1_74' title='bbox 586 1814 746 1898; x_wconf 79' lang='lat' dir='ltr'><strong>ejusmodi</strong></span> <span class='ocrx_word' id='word_1_75' title='bbox 772 1827 821 1880; x_wconf 88' lang='lat' dir='ltr'><strong>est</strong></span> <span class='ocrx_word' id='word_1_76' title='bbox 847 1818 991 1879; x_wconf 81' lang='lat' dir='ltr'><strong>Romana</strong></span> <span class='ocrx_word' id='word_1_77' title='bbox 1010 1818 1119 1893; x_wconf 85' lang='lat' dir='ltr'><strong>sedes,</strong></span> <span class='ocrx_word' id='word_1_78' title='bbox 1154 1827 1191 1880; x_wconf 88' lang='lat' dir='ltr'><strong>ut</strong></span> 
     </span>
     <span class='ocr_line' id='line_1_11' title="bbox 159 1908 1189 2002; baseline -0.012 -13"><span class='ocrx_word' id='word_1_79' title='bbox 159 1932 225 2001; x_wconf 72' lang='lat' dir='ltr'><strong>ut,</strong></span> <span class='ocrx_word' id='word_1_80' title='bbox 254 1931 292 1985; x_wconf 87' lang='lat' dir='ltr'><strong>ut</strong></span> <span class='ocrx_word' id='word_1_81' title='bbox 316 1940 387 1984; x_wconf 83' lang='lat' dir='ltr'><strong>carn</strong></span> <span class='ocrx_word' id='word_1_82' title='bbox 407 1917 579 1985; x_wconf 83' lang='lat' dir='ltr'><strong>Christiani</strong></span> <span class='ocrx_word' id='word_1_83' title='bbox 599 1937 726 1992; x_wconf 85' lang='lat' dir='ltr'><strong>ornnes,</strong></span> <span class='ocrx_word' id='word_1_84' title='bbox 760 1908 971 2002; x_wconf 85' lang='lat' dir='ltr'><strong>quiquidem</strong></span> <span class='ocrx_word' id='word_1_85' title='bbox 992 1938 1070 1980; x_wconf 83' lang='lat' dir='ltr'><strong>vere</strong></span> <span class='ocrx_word' id='word_1_86' title='bbox 1104 1927 1189 1994; x_wconf 80' lang='lat' dir='ltr'><strong>aunt,</strong></span> 
     </span>
     <span class='ocr_line' id='line_1_12' title="bbox 158 2017 1191 2100; baseline -0.012 -9"><span class='ocrx_word' id='word_1_87' title='bbox 158 2026 322 2100; x_wconf 63' lang='lat' dir='ltr'><strong>aaran,</strong></span> <span class='ocrx_word' id='word_1_88' title='bbox 354 2032 387 2084; x_wconf 86' lang='lat' dir='ltr'><strong>et</strong></span> <span class='ocrx_word' id='word_1_89' title='bbox 406 2020 554 2084; x_wconf 77' lang='lat' dir='ltr'><strong>abolitam</strong></span> <span class='ocrx_word' id='word_1_90' title='bbox 573 2020 655 2081; x_wconf 79' lang='lat' dir='ltr'><strong>veile</strong></span> <span class='ocrx_word' id='word_1_91' title='bbox 675 2018 827 2093; x_wconf 85' lang='lat' dir='ltr'><strong>debeant,</strong></span> <span class='ocrx_word' id='word_1_92' title='bbox 859 2019 973 2100; x_wconf 86' lang='lat' dir='ltr'><strong>idque,</strong></span> <span class='ocrx_word' id='word_1_93' title='bbox 1003 2019 1031 2081; x_wconf 85' lang='lat' dir='ltr'><strong>ai</strong></span> <span class='ocrx_word' id='word_1_94' title='bbox 1050 2021 1120 2093; x_wconf 89' lang='lat' dir='ltr'><strong>fiat,</strong></span> <span class='ocrx_word' id='word_1_95' title='bbox 1148 2017 1191 2081; x_wconf 88' lang='lat' dir='ltr'><strong>ab</strong></span> 
     </span>
     <span class='ocr_line' id='line_1_13' title="bbox 158 2118 1188 2209; baseline -0.011 -18"><span class='ocrx_word' id='word_1_96' title='bbox 158 2124 308 2191; x_wconf 72' lang='lat' dir='ltr'><strong>auribus</strong></span> <span class='ocrx_word' id='word_1_97' title='bbox 338 2133 554 2208; x_wconf 82' lang='lat' dir='ltr'><strong>cognoscatur</strong></span> <span class='ocrx_word' id='word_1_98' title='bbox 591 2120 745 2201; x_wconf 86' lang='lat' dir='ltr'><strong>expedire</strong></span> <span class='ocrx_word' id='word_1_99' title='bbox 776 2119 958 2209; x_wconf 76' lang='lat' dir='ltr'><strong>reipublicae</strong></span> <span class='ocrx_word' id='word_1_100' title='bbox 992 2118 1188 2195; x_wconf 75' lang='lat' dir='ltr'><strong>Christiana,</strong></span> 
     </span>
     <span class='ocr_line' id='line_1_14' title="bbox 157 2220 1190 2313; baseline -0.011 -22"><span class='ocrx_word' id='word_1_101' title='bbox 157 2226 239 2313; x_wconf 70' lang='lat' dir='ltr'><strong>qnid</strong></span> <span class='ocrx_word' id='word_1_102' title='bbox 258 2222 457 2307; x_wconf 80' lang='lat' dir='ltr'><strong>sacrilegium</strong></span> <span class='ocrx_word' id='word_1_103' title='bbox 476 2220 577 2306; x_wconf 79' lang='lat' dir='ltr'><strong>magis</strong></span> <span class='ocrx_word' id='word_1_104' title='bbox 599 2221 663 2285; x_wconf 88' lang='lat' dir='ltr'><strong>dici</strong></span> <span class='ocrx_word' id='word_1_105' title='bbox 681 2230 803 2299; x_wconf 84' lang='lat' dir='ltr'><strong>potest,</strong></span> <span class='ocrx_word' id='word_1_106' title='bbox 837 2232 952 2304; x_wconf 80' lang='lat' dir='ltr'><strong>quarn,</strong></span> <span class='ocrx_word' id='word_1_107' title='bbox 973 2222 1062 2304; x_wconf 89' lang='lat' dir='ltr'><strong>quod</strong></span> <span class='ocrx_word' id='word_1_108' title='bbox 1082 2221 1137 2283; x_wconf 87' lang='lat' dir='ltr'><strong>abs</strong></span> <span class='ocrx_word' id='word_1_109' title='bbox 1156 2230 1190 2281; x_wconf 84' lang='lat' dir='ltr'><strong>ta</strong></span> 
     </span>
     <span class='ocr_line' id='line_1_15' title="bbox 157 2316 1188 2407; baseline -0.008 -16"><span class='ocrx_word' id='word_1_110' title='bbox 157 2325 311 2407; x_wconf 71' lang='lat' dir='ltr'><strong>scriptino</strong></span> <span class='ocrx_word' id='word_1_111' title='bbox 329 2323 446 2387; x_wconf 85' lang='lat' dir='ltr'><strong>itidcnr</strong></span> <span class='ocrx_word' id='word_1_112' title='bbox 457 2334 520 2399; x_wconf 87' lang='lat' dir='ltr'><strong>est,</strong></span> <span class='ocrx_word' id='word_1_113' title='bbox 540 2322 700 2386; x_wconf 86' lang='lat' dir='ltr'><strong>neminem</strong></span> <span class='ocrx_word' id='word_1_114' title='bbox 718 2316 890 2403; x_wconf 83' lang='lat' dir='ltr'><strong>pium&#39;non</strong></span> <span class='ocrx_word' id='word_1_115' title='bbox 910 2324 1021 2386; x_wconf 81' lang='lat' dir='ltr'><strong>iuvere</strong></span> <span class='ocrx_word' id='word_1_116' title='bbox 1040 2324 1188 2386; x_wconf 85' lang='lat' dir='ltr'><strong>Romano</strong></span> 
     </span>
     <span class='ocr_line' id='line_1_16' title="bbox 157 2422 1191 2508; baseline -0.004 -18"><span class='ocrx_word' id='word_1_117' title='bbox 157 2423 334 2491; x_wconf 82' lang='lat' dir='ltr'><strong>Pontifici?</strong></span> <span class='ocrx_word' id='word_1_118' title='bbox 353 2425 422 2487; x_wconf 90' lang='lat' dir='ltr'><strong>lmo</strong></span> <span class='ocrx_word' id='word_1_119' title='bbox 443 2423 515 2508; x_wconf 87' lang='lat' dir='ltr'><strong>quis</strong></span> <span class='ocrx_word' id='word_1_120' title='bbox 535 2423 608 2506; x_wconf 84' lang='lat' dir='ltr'><strong>pius</strong></span> <span class='ocrx_word' id='word_1_121' title='bbox 627 2422 736 2484; x_wconf 78' lang='lat' dir='ltr'><strong>iuvere</strong></span> <span class='ocrx_word' id='word_1_122' title='bbox 755 2424 856 2505; x_wconf 82' lang='lat' dir='ltr'><strong>possit</strong></span> <span class='ocrx_word' id='word_1_123' title='bbox 877 2425 925 2501; x_wconf 88' lang='lat' dir='ltr'><strong>ei,</strong></span> <span class='ocrx_word' id='word_1_124' title='bbox 946 2424 1038 2506; x_wconf 84' lang='lat' dir='ltr'><strong>cujus</strong></span> <span class='ocrx_word' id='word_1_125' title='bbox 1060 2423 1191 2486; x_wconf 85' lang='lat' dir='ltr'><strong>univer·</strong></span> 
     </span>
     <span class='ocr_line' id='line_1_17' title="bbox 158 2523 1190 2608; baseline -0.005 -15"><span class='ocrx_word' id='word_1_126' title='bbox 158 2532 215 2593; x_wconf 76' lang='lat' dir='ltr'><strong>tt&#39;ts</strong></span> <span class='ocrx_word' id='word_1_127' title='bbox 233 2536 331 2596; x_wconf 83' lang='lat' dir='ltr'><strong>status</strong></span> <span class='ocrx_word' id='word_1_128' title='bbox 351 2544 438 2588; x_wconf 86' lang='lat' dir='ltr'><strong>mera</strong></span> <span class='ocrx_word' id='word_1_129' title='bbox 468 2535 516 2588; x_wconf 83' lang='lat' dir='ltr'><strong>est</strong></span> <span class='ocrx_word' id='word_1_130' title='bbox 546 2523 743 2607; x_wconf 75' lang='lat' dir='ltr'><strong>hypocrisis,</strong></span> <span class='ocrx_word' id='word_1_131' title='bbox 775 2545 845 2607; x_wconf 86' lang='lat' dir='ltr'><strong>quae</strong></span> <span class='ocrx_word' id='word_1_132' title='bbox 875 2526 978 2587; x_wconf 87' lang='lat' dir='ltr'><strong>donec</strong></span> <span class='ocrx_word' id='word_1_133' title='bbox 998 2526 1104 2608; x_wconf 79' lang='lat' dir='ltr'><strong>viget,</strong></span> <span class='ocrx_word' id='word_1_134' title='bbox 1124 2527 1190 2588; x_wconf 85' lang='lat' dir='ltr'><strong>ian-</strong></span> 
     </span>
     <span class='ocr_line' id='line_1_18' title="bbox 157 2626 1190 2715; baseline -0.001 -25"><span class='ocrx_word' id='word_1_135' title='bbox 157 2632 261 2715; x_wconf 73' lang='lat' dir='ltr'><strong>g&#39;oere</strong></span> <span class='ocrx_word' id='word_1_136' title='bbox 279 2646 389 2690; x_wconf 80' lang='lat' dir='ltr'><strong>veram</strong></span> <span class='ocrx_word' id='word_1_137' title='bbox 406 2626 556 2707; x_wconf 85' lang='lat' dir='ltr'><strong>pietatem</strong></span> <span class='ocrx_word' id='word_1_138' title='bbox 575 2645 706 2688; x_wconf 83' lang='lat' dir='ltr'><strong>necesse</strong></span> <span class='ocrx_word' id='word_1_139' title='bbox 731 2626 804 2688; x_wconf 83' lang='lat' dir='ltr'><strong>est?</strong></span> <span class='ocrx_word' id='word_1_140' title='bbox 834 2627 877 2690; x_wconf 90' lang='lat' dir='ltr'><strong>At</strong></span> <span class='ocrx_word' id='word_1_141' title='bbox 905 2626 988 2689; x_wconf 83' lang='lat' dir='ltr'><strong>illins</strong></span> <span class='ocrx_word' id='word_1_142' title='bbox 1019 2626 1103 2690; x_wconf 86' lang='lat' dir='ltr'><strong>aedis</strong></span> <span class='ocrx_word' id='word_1_143' title='bbox 1132 2648 1190 2689; x_wconf 88' lang='lat' dir='ltr'><strong>au·</strong></span> 
     </span>
     <span class='ocr_line' id='line_1_19' title="bbox 157 2726 1190 2809; baseline -0.006 -14"><span class='ocrx_word' id='word_1_144' title='bbox 157 2726 318 2795; x_wconf 83' lang='lat' dir='ltr'><strong>toritatem</strong></span> <span class='ocrx_word' id='word_1_145' title='bbox 336 2739 385 2792; x_wconf 88' lang='lat' dir='ltr'><strong>tot</strong></span> <span class='ocrx_word' id='word_1_146' title='bbox 403 2727 523 2791; x_wconf 80' lang='lat' dir='ltr'><strong>saeculis</strong></span> <span class='ocrx_word' id='word_1_147' title='bbox 542 2738 671 2790; x_wconf 85' lang='lat' dir='ltr'><strong>secutus</strong></span> <span class='ocrx_word' id='word_1_148' title='bbox 690 2739 739 2790; x_wconf 87' lang='lat' dir='ltr'><strong>est</strong></span> <span class='ocrx_word' id='word_1_149' title='bbox 759 2728 846 2791; x_wconf 90' lang='lat' dir='ltr'><strong>orbis</strong></span> <span class='ocrx_word' id='word_1_150' title='bbox 860 2727 1069 2792; x_wconf 89' lang='lat' dir='ltr'><strong>Christianus.</strong></span> <span class='ocrx_word' id='word_1_151' title='bbox 1091 2728 1190 2809; x_wconf 82' lang='lat' dir='ltr'><strong>Quod</strong></span> 
     </span>
     <span class='ocr_line' id='line_1_20' title="bbox 156 2829 1190 2911; baseline -0.007 -14"><span class='ocrx_word' id='word_1_152' title='bbox 156 2830 308 2897; x_wconf 70' lang='lat' dir='ltr'><strong>timuitis</strong></span> <span class='ocrx_word' id='word_1_153' title='bbox 328 2831 449 2895; x_wconf 84' lang='lat' dir='ltr'><strong>saeculis</strong></span> <span class='ocrx_word' id='word_1_154' title='bbox 469 2841 607 2911; x_wconf 79' lang='lat' dir='ltr'><strong>erratum</strong></span> <span class='ocrx_word' id='word_1_155' title='bbox 627 2829 667 2892; x_wconf 90' lang='lat' dir='ltr'><strong>sit</strong></span> <span class='ocrx_word' id='word_1_156' title='bbox 687 2829 727 2890; x_wconf 89' lang='lat' dir='ltr'><strong>ab</strong></span> <span class='ocrx_word' id='word_1_157' title='bbox 747 2830 912 2906; x_wconf 85' lang='lat' dir='ltr'><strong>omnibus,</strong></span> <span class='ocrx_word' id='word_1_158' title='bbox 941 2842 1032 2893; x_wconf 84' lang='lat' dir='ltr'><strong>vetes</strong></span> <span class='ocrx_word' id='word_1_159' title='bbox 1052 2829 1085 2890; x_wconf 90' lang='lat' dir='ltr'><strong>in</strong></span> <span class='ocrx_word' id='word_1_160' title='bbox 1106 2829 1190 2891; x_wconf 84' lang='lat' dir='ltr'><strong>viarn</strong></span> 
     </span>
     <span class='ocr_line' id='line_1_21' title="bbox 154 2929 1190 3012; baseline -0.005 -15"><span class='ocrx_word' id='word_1_161' title='bbox 154 2930 263 2997; x_wconf 63' lang='lat' dir='ltr'><strong>redire</strong></span> <span class='ocrx_word' id='word_1_162' title='bbox 282 2952 359 3007; x_wconf 88' lang='lat' dir='ltr'><strong>nos,</strong></span> <span class='ocrx_word' id='word_1_163' title='bbox 379 2929 510 3012; x_wconf 85' lang='lat' dir='ltr'><strong>cognito</strong></span> <span class='ocrx_word' id='word_1_164' title='bbox 530 2951 660 3006; x_wconf 86' lang='lat' dir='ltr'><strong>errore,</strong></span> <span class='ocrx_word' id='word_1_165' title='bbox 681 2942 713 2992; x_wconf 90' lang='lat' dir='ltr'><strong>et</strong></span> <span class='ocrx_word' id='word_1_166' title='bbox 732 2931 911 3011; x_wconf 74' lang='lat' dir='ltr'><strong>opericulo</strong></span> <span class='ocrx_word' id='word_1_167' title='bbox 933 2929 1087 2993; x_wconf 87' lang='lat' dir='ltr'><strong>intutum</strong></span> <span class='ocrx_word' id='word_1_168' title='bbox 1107 2929 1190 2992; x_wconf 88' lang='lat' dir='ltr'><strong>reci·</strong></span> 
     </span>
     <span class='ocr_line' id='line_1_22' title="bbox 154 3028 1190 3115; baseline -0.002 -22"><span class='ocrx_word' id='word_1_169' title='bbox 154 3028 214 3115; x_wconf 74' lang='lat' dir='ltr'><strong>pt?</strong></span> <span class='ocrx_word' id='word_1_170' title='bbox 242 3030 343 3094; x_wconf 85' lang='lat' dir='ltr'><strong>Plane</strong></span> <span class='ocrx_word' id='word_1_171' title='bbox 360 3041 500 3094; x_wconf 72' lang='lat' dir='ltr'><strong>ernmm</strong></span> <span class='ocrx_word' id='word_1_172' title='bbox 518 3043 582 3107; x_wconf 82' lang='lat' dir='ltr'><strong>est3</strong></span> <span class='ocrx_word' id='word_1_173' title='bbox 615 3042 650 3093; x_wconf 85' lang='lat' dir='ltr'><strong>tu</strong></span> <span class='ocrx_word' id='word_1_174' title='bbox 670 3052 743 3095; x_wconf 90' lang='lat' dir='ltr'><strong>cum</strong></span> <span class='ocrx_word' id='word_1_175' title='bbox 763 3032 871 3114; x_wconf 88' lang='lat' dir='ltr'><strong>paucis</strong></span> <span class='ocrx_word' id='word_1_176' title='bbox 900 3033 962 3094; x_wconf 90' lang='lat' dir='ltr'><strong>hoc</strong></span> <span class='ocrx_word' id='word_1_177' title='bbox 980 3029 1122 3104; x_wconf 82' lang='lat' dir='ltr'><strong>sensisti,</strong></span> <span class='ocrx_word' id='word_1_178' title='bbox 1152 3050 1190 3091; x_wconf 88' lang='lat' dir='ltr'><strong>ac</strong></span> 
     </span>
     <span class='ocr_line' id='line_1_23' title="bbox 156 3130 1188 3216; baseline -0.001 -21"><span class='ocrx_word' id='word_1_179' title='bbox 156 3130 199 3195; x_wconf 69' lang='lat' dir='ltr'><strong>dd</strong></span> <span class='ocrx_word' id='word_1_180' title='bbox 214 3150 327 3195; x_wconf 80' lang='lat' dir='ltr'><strong>veram</strong></span> <span class='ocrx_word' id='word_1_181' title='bbox 346 3130 446 3208; x_wconf 81' lang='lat' dir='ltr'><strong>viam,</strong></span> <span class='ocrx_word' id='word_1_182' title='bbox 475 3132 679 3216; x_wconf 81' lang='lat' dir='ltr'><strong>quantumin</strong></span> <span class='ocrx_word' id='word_1_183' title='bbox 700 3132 826 3209; x_wconf 79' lang='lat' dir='ltr'><strong>tescit,</strong></span> <span class='ocrx_word' id='word_1_184' title='bbox 856 3131 1013 3196; x_wconf 84' lang='lat' dir='ltr'><strong>reduxisti</strong></span> <span class='ocrx_word' id='word_1_185' title='bbox 1033 3131 1188 3194; x_wconf 86' lang='lat' dir='ltr'><strong>homines.</strong></span> 
     </span>
     <span class='ocr_line' id='line_1_24' title="bbox 156 3229 1189 3317; baseline -0.003 -18"><span class='ocrx_word' id='word_1_186' title='bbox 156 3230 256 3299; x_wconf 71' lang='lat' dir='ltr'><strong>Multi</strong></span> <span class='ocrx_word' id='word_1_187' title='bbox 274 3229 376 3296; x_wconf 90' lang='lat' dir='ltr'><strong>secuti</strong></span> <span class='ocrx_word' id='word_1_188' title='bbox 404 3242 496 3307; x_wconf 84' lang='lat' dir='ltr'><strong>sunt,</strong></span> <span class='ocrx_word' id='word_1_189' title='bbox 522 3232 704 3317; x_wconf 84' lang='lat' dir='ltr'><strong>habentque</strong></span> <span class='ocrx_word' id='word_1_190' title='bbox 730 3234 871 3317; x_wconf 86' lang='lat' dir='ltr'><strong>gratiam.</strong></span> <span class='ocrx_word' id='word_1_191' title='bbox 918 3234 990 3315; x_wconf 87' lang='lat' dir='ltr'><strong>lpse</strong></span> <span class='ocrx_word' id='word_1_192' title='bbox 1010 3253 1096 3296; x_wconf 90' lang='lat' dir='ltr'><strong>nnnc</strong></span> <span class='ocrx_word' id='word_1_193' title='bbox 1115 3253 1189 3296; x_wconf 87' lang='lat' dir='ltr'><strong>curn</strong></span> 
     </span>
     <span class='ocr_line' id='line_1_25' title="bbox 155 3328 1188 3409; baseline 0 -12"><span class='ocrx_word' id='word_1_194' title='bbox 155 3328 285 3397; x_wconf 74' lang='lat' dir='ltr'><strong>videtur</strong></span> <span class='ocrx_word' id='word_1_195' title='bbox 297 3333 511 3409; x_wconf 84' lang='lat' dir='ltr'><strong>commodum,</strong></span> <span class='ocrx_word' id='word_1_196' title='bbox 522 3334 562 3396; x_wconf 77' lang='lat' dir='ltr'><strong>ad</strong></span> <span class='ocrx_word' id='word_1_197' title='bbox 575 3356 718 3397; x_wconf 89' lang='lat' dir='ltr'><strong>errorem</strong></span> <span class='ocrx_word' id='word_1_198' title='bbox 730 3354 873 3398; x_wconf 88' lang='lat' dir='ltr'><strong>revocas.</strong></span> <span class='ocrx_word' id='word_1_199' title='bbox 894 3336 1054 3398; x_wconf 86' lang='lat' dir='ltr'><strong>Mirantur</strong></span> <span class='ocrx_word' id='word_1_200' title='bbox 1065 3354 1188 3397; x_wconf 81' lang='lat' dir='ltr'><strong>omnes.</strong></span> 
     </span>
     <span class='ocr_line' id='line_1_26' title="bbox 157 3428 1189 3523; baseline 0.006 -28"><span class='ocrx_word' id='word_1_201' title='bbox 157 3434 213 3523; x_wconf 76' lang='lat' dir='ltr'><strong>Tp</strong></span> <span class='ocrx_word' id='word_1_202' title='bbox 231 3452 356 3498; x_wconf 74' lang='lat' dir='ltr'><strong>cauam</strong></span> <span class='ocrx_word' id='word_1_203' title='bbox 374 3433 500 3510; x_wconf 85' lang='lat' dir='ltr'><strong>reddis,</strong></span> <span class='ocrx_word' id='word_1_204' title='bbox 521 3435 720 3499; x_wconf 87' lang='lat' dir='ltr'><strong>autoritatem</strong></span> <span class='ocrx_word' id='word_1_205' title='bbox 740 3428 827 3500; x_wconf 87' lang='lat' dir='ltr'><strong>orbis</strong></span> <span class='ocrx_word' id='word_1_206' title='bbox 847 3458 1005 3500; x_wconf 83' lang='lat' dir='ltr'><strong>consensu</strong></span> <span class='ocrx_word' id='word_1_207' title='bbox 1021 3449 1069 3500; x_wconf 91' lang='lat' dir='ltr'><strong>tot</strong></span> <span class='ocrx_word' id='word_1_208' title='bbox 1088 3458 1189 3501; x_wconf 79' lang='lat' dir='ltr'><strong>saecu·</strong></span> 
     </span>
     <span class='ocr_line' id='line_1_27' title="bbox 154 3534 1188 3621; baseline -0.003 -19"><span class='ocrx_word' id='word_1_209' title='bbox 154 3534 196 3603; x_wconf 80' lang='lat' dir='ltr'><strong>iit</strong></span> <span class='ocrx_word' id='word_1_210' title='bbox 213 3535 462 3617; x_wconf 83' lang='lat' dir='ltr'><strong>comprobatam.</strong></span> <span class='ocrx_word' id='word_1_211' title='bbox 499 3538 543 3601; x_wconf 84' lang='lat' dir='ltr'><strong>At</strong></span> <span class='ocrx_word' id='word_1_212' title='bbox 561 3557 641 3599; x_wconf 80' lang='lat' dir='ltr'><strong>vero</strong></span> <span class='ocrx_word' id='word_1_213' title='bbox 661 3548 727 3601; x_wconf 88' lang='lat' dir='ltr'><strong>tota</strong></span> <span class='ocrx_word' id='word_1_214' title='bbox 745 3538 867 3602; x_wconf 78' lang='lat' dir='ltr'><strong>Graecia</strong></span> <span class='ocrx_word' id='word_1_215' title='bbox 887 3550 919 3601; x_wconf 90' lang='lat' dir='ltr'><strong>ct</strong></span> <span class='ocrx_word' id='word_1_216' title='bbox 940 3539 1031 3614; x_wconf 85' lang='lat' dir='ltr'><strong>Asia,</strong></span> <span class='ocrx_word' id='word_1_217' title='bbox 1052 3558 1089 3600; x_wconf 88' lang='lat' dir='ltr'><strong>ac</strong></span> <span class='ocrx_word' id='word_1_218' title='bbox 1108 3562 1188 3621; x_wconf 81' lang='lat' dir='ltr'><strong>praa-</strong></span> 
     </span>
     <span class='ocr_line' id='line_1_28' title="bbox 156 3635 1187 3722; baseline 0 -19"><span class='ocrx_word' id='word_1_219' title='bbox 156 3640 245 3703; x_wconf 63' lang='lat' dir='ltr'><strong>tboen</strong></span> <span class='ocrx_word' id='word_1_220' title='bbox 272 3636 378 3717; x_wconf 84' lang='lat' dir='ltr'><strong>major</strong></span> <span class='ocrx_word' id='word_1_221' title='bbox 396 3635 568 3702; x_wconf 85' lang='lat' dir='ltr'><strong>Christiani</strong></span> <span class='ocrx_word' id='word_1_222' title='bbox 597 3638 685 3701; x_wconf 89' lang='lat' dir='ltr'><strong>orbis</strong></span> <span class='ocrx_word' id='word_1_223' title='bbox 713 3661 786 3722; x_wconf 87' lang='lat' dir='ltr'><strong>pars</strong></span> <span class='ocrx_word' id='word_1_224' title='bbox 814 3661 882 3702; x_wconf 94' lang='lat' dir='ltr'><strong>non</strong></span> <span class='ocrx_word' id='word_1_225' title='bbox 901 3651 1009 3702; x_wconf 87' lang='lat' dir='ltr'><strong>secuta</strong></span> <span class='ocrx_word' id='word_1_226' title='bbox 1037 3652 1085 3703; x_wconf 88' lang='lat' dir='ltr'><strong>est</strong></span> <span class='ocrx_word' id='word_1_227' title='bbox 1104 3641 1187 3703; x_wconf 84' lang='lat' dir='ltr'><strong>iiiam</strong></span> 
     </span>
     <span class='ocr_line' id='line_1_29' title="bbox 157 3736 1184 3824; baseline 0.001 -21"><span class='ocrx_word' id='word_1_228' title='bbox 157 3738 370 3803; x_wconf 72' lang='lat' dir='ltr'><strong>tutoritutern.</strong></span> <span class='ocrx_word' id='word_1_229' title='bbox 415 3736 480 3801; x_wconf 84' lang='lat' dir='ltr'><strong>Ubi</strong></span> <span class='ocrx_word' id='word_1_230' title='bbox 505 3739 558 3803; x_wconf 84' lang='lat' dir='ltr'><strong>ille</strong></span> <span class='ocrx_word' id='word_1_231' title='bbox 578 3749 682 3803; x_wconf 87' lang='lat' dir='ltr'><strong>autern</strong></span> <span class='ocrx_word' id='word_1_232' title='bbox 702 3752 750 3802; x_wconf 84' lang='lat' dir='ltr'><strong>est</strong></span> <span class='ocrx_word' id='word_1_233' title='bbox 771 3750 856 3803; x_wconf 90' lang='lat' dir='ltr'><strong>totus</strong></span> <span class='ocrx_word' id='word_1_234' title='bbox 889 3740 992 3816; x_wconf 85' lang='lat' dir='ltr'><strong>orbis,</strong></span> <span class='ocrx_word' id='word_1_235' title='bbox 1025 3741 1081 3824; x_wconf 90' lang='lat' dir='ltr'><strong>qui</strong></span> <span class='ocrx_word' id='word_1_236' title='bbox 1101 3744 1184 3804; x_wconf 87' lang='lat' dir='ltr'><strong>ultro</strong></span> 
     </span>
     <span class='ocr_line' id='line_1_30' title="bbox 156 3820 1189 3923; baseline 0.002 -19"><span class='ocrx_word' id='word_1_237' title='bbox 156 3836 264 3905; x_wconf 81' lang='lat' dir='ltr'><strong>rtilutn</strong></span> <span class='ocrx_word' id='word_1_238' title='bbox 281 3839 316 3901; x_wconf 93' lang='lat' dir='ltr'><strong>in</strong></span> <span class='ocrx_word' id='word_1_239' title='bbox 334 3820 513 3903; x_wconf 73' lang='lat' dir='ltr'><strong>Lutienrm</strong></span> <span class='ocrx_word' id='word_1_240' title='bbox 532 3840 643 3903; x_wconf 83' lang='lat' dir='ltr'><strong>acuit?</strong></span> <span class='ocrx_word' id='word_1_241' title='bbox 676 3842 812 3923; x_wconf 85' lang='lat' dir='ltr'><strong>Quidam</strong></span> <span class='ocrx_word' id='word_1_242' title='bbox 832 3853 879 3903; x_wconf 86' lang='lat' dir='ltr'><strong>est</strong></span> <span class='ocrx_word' id='word_1_243' title='bbox 899 3852 977 3921; x_wconf 89' lang='lat' dir='ltr'><strong>puto</strong></span> <span class='ocrx_word' id='word_1_244' title='bbox 997 3842 1075 3902; x_wconf 82' lang='lat' dir='ltr'><strong>atius</strong></span> <span class='ocrx_word' id='word_1_245' title='bbox 1096 3865 1189 3906; x_wconf 75' lang='lat' dir='ltr'><strong>inun-</strong></span> 
     </span>
     <span class='ocr_line' id='line_1_31' title="bbox 158 3939 1184 4024; baseline 0.003 -20"><span class='ocrx_word' id='word_1_246' title='bbox 158 3940 236 4017; x_wconf 78' lang='lat' dir='ltr'><strong>dur,</strong></span> <span class='ocrx_word' id='word_1_247' title='bbox 256 3939 313 4024; x_wconf 87' lang='lat' dir='ltr'><strong>qui</strong></span> <span class='ocrx_word' id='word_1_248' title='bbox 329 3942 392 4003; x_wconf 88' lang='lat' dir='ltr'><strong>hoc</strong></span> <span class='ocrx_word' id='word_1_249' title='bbox 406 3939 481 4003; x_wconf 80' lang='lat' dir='ltr'><strong>iacit</strong></span> <span class='ocrx_word' id='word_1_250' title='bbox 487 3986 496 4017; x_wconf 93' lang='lat'>,</span> <span class='ocrx_word' id='word_1_251' title='bbox 518 3952 549 4003; x_wconf 89' lang='lat' dir='ltr'><strong>et</strong></span> <span class='ocrx_word' id='word_1_252' title='bbox 564 3941 699 4005; x_wconf 71' lang='lat' dir='ltr'><strong>sonasse</strong></span> <span class='ocrx_word' id='word_1_253' title='bbox 718 3964 761 4005; x_wconf 81' lang='lat' dir='ltr'><strong>ex</strong></span> <span class='ocrx_word' id='word_1_254' title='bbox 775 3941 997 4007; x_wconf 87' lang='lat' dir='ltr'><strong>Democriticis</strong></span> <span class='ocrx_word' id='word_1_255' title='bbox 1013 3944 1071 4006; x_wconf 82' lang='lat' dir='ltr'><strong>iliis</strong></span> <span class='ocrx_word' id='word_1_256' title='bbox 1089 3967 1184 4007; x_wconf 85' lang='lat' dir='ltr'><strong>unus.</strong></span> 
     </span>
     <span class='ocr_line' id='line_1_32' title="bbox 158 4029 1185 4128; baseline 0.005 -23"><span class='ocrx_word' id='word_1_257' title='bbox 158 4042 240 4105; x_wconf 70' lang='lat' dir='ltr'><strong>liam</strong></span> <span class='ocrx_word' id='word_1_258' title='bbox 258 4041 293 4103; x_wconf 93' lang='lat' dir='ltr'><strong>in</strong></span> <span class='ocrx_word' id='word_1_259' title='bbox 313 4043 375 4104; x_wconf 85' lang='lat' dir='ltr'><strong>hoc</strong></span> <span class='ocrx_word' id='word_1_260' title='bbox 394 4042 476 4105; x_wconf 86' lang='lat' dir='ltr'><strong>orbo</strong></span> <span class='ocrx_word' id='word_1_261' title='bbox 494 4044 580 4105; x_wconf 81' lang='lat' dir='ltr'><strong>multi</strong></span> <span class='ocrx_word' id='word_1_262' title='bbox 602 4056 689 4121; x_wconf 86' lang='lat' dir='ltr'><strong>aunt,</strong></span> <span class='ocrx_word' id='word_1_263' title='bbox 717 4044 834 4128; x_wconf 81' lang='lat' dir='ltr'><strong>quibus</strong></span> <span class='ocrx_word' id='word_1_264' title='bbox 861 4045 950 4107; x_wconf 90' lang='lat' dir='ltr'><strong>cordi</strong></span> <span class='ocrx_word' id='word_1_265' title='bbox 972 4059 1122 4123; x_wconf 81' lang='lat' dir='ltr'><strong>nonest,</strong></span> <span class='ocrx_word' id='word_1_266' title='bbox 1151 4029 1185 4110; x_wconf 89' lang='lat' dir='ltr'><strong>in</strong></span> 
     </span>
     <span class='ocr_line' id='line_1_33' title="bbox 156 4140 1188 4230; baseline 0.005 -25"><span class='ocrx_word' id='word_1_267' title='bbox 156 4140 336 4206; x_wconf 76' lang='lat' dir='ltr'><strong>Lutherunr</strong></span> <span class='ocrx_word' id='word_1_268' title='bbox 353 4142 505 4206; x_wconf 86' lang='lat' dir='ltr'><strong>scribere.</strong></span> <span class='ocrx_word' id='word_1_269' title='bbox 543 4146 689 4226; x_wconf 84' lang='lat' dir='ltr'><strong>Quorum</strong></span> <span class='ocrx_word' id='word_1_270' title='bbox 703 4145 827 4230; x_wconf 83' lang='lat' dir='ltr'><strong>aliquos</strong></span> <span class='ocrx_word' id='word_1_271' title='bbox 845 4146 988 4209; x_wconf 83' lang='lat' dir='ltr'><strong>invenies</strong></span> <span class='ocrx_word' id='word_1_272' title='bbox 1007 4150 1188 4229; x_wconf 80' lang='lat' dir='ltr'><strong>pauiopost‚</strong></span> 
     </span>
     <span class='ocr_line' id='line_1_34' title="bbox 157 4242 1187 4329; baseline 0.01 -26"><span class='ocrx_word' id='word_1_273' title='bbox 157 4262 220 4327; x_wconf 79' lang='lat' dir='ltr'><strong>pro</strong></span> <span class='ocrx_word' id='word_1_274' title='bbox 239 4243 385 4307; x_wconf 86' lang='lat' dir='ltr'><strong>Luthero</strong></span> <span class='ocrx_word' id='word_1_275' title='bbox 405 4242 439 4306; x_wconf 92' lang='lat' dir='ltr'><strong>in</strong></span> <span class='ocrx_word' id='word_1_276' title='bbox 458 4254 490 4306; x_wconf 88' lang='lat' dir='ltr'><strong>tc</strong></span> <span class='ocrx_word' id='word_1_277' title='bbox 509 4244 613 4308; x_wconf 83' lang='lat' dir='ltr'><strong>stilum</strong></span> <span class='ocrx_word' id='word_1_278' title='bbox 633 4246 690 4329; x_wconf 89' lang='lat' dir='ltr'><strong>qui</strong></span> <span class='ocrx_word' id='word_1_279' title='bbox 708 4259 831 4310; x_wconf 84' lang='lat' dir='ltr'><strong>acuent.</strong></span> <span class='ocrx_word' id='word_1_280' title='bbox 868 4249 931 4311; x_wconf 87' lang='lat' dir='ltr'><strong>Sed</strong></span> <span class='ocrx_word' id='word_1_281' title='bbox 950 4248 996 4311; x_wconf 84' lang='lat' dir='ltr'><strong>sas</strong></span> <span class='ocrx_word' id='word_1_282' title='bbox 1015 4261 1063 4312; x_wconf 88' lang='lat' dir='ltr'><strong>est</strong></span> <span class='ocrx_word' id='word_1_283' title='bbox 1080 4251 1187 4313; x_wconf 80' lang='lat' dir='ltr'><strong>verbis</strong></span> 
     </span>
     <span class='ocr_line' id='line_1_35' title="bbox 156 4343 1187 4431; baseline 0.007 -22"><span class='ocrx_word' id='word_1_284' title='bbox 156 4343 339 4429; x_wconf 76' lang='lat' dir='ltr'><strong>anpttficari</strong></span> <span class='ocrx_word' id='word_1_285' title='bbox 360 4344 537 4409; x_wconf 73' lang='lat' dir='ltr'><strong>abstersa</strong></span> <span class='ocrx_word' id='word_1_286' title='bbox 557 4366 688 4427; x_wconf 82' lang='lat' dir='ltr'><strong>parvus,</strong></span> <span class='ocrx_word' id='word_1_287' title='bbox 717 4349 807 4431; x_wconf 89' lang='lat' dir='ltr'><strong>quod</strong></span> <span class='ocrx_word' id='word_1_288' title='bbox 833 4370 893 4412; x_wconf 86' lang='lat' dir='ltr'><strong>noa</strong></span> <span class='ocrx_word' id='word_1_289' title='bbox 918 4349 1047 4411; x_wconf 85' lang='lat' dir='ltr'><strong>minime</strong></span> <span class='ocrx_word' id='word_1_290' title='bbox 1065 4364 1187 4416; x_wconf 84' lang='lat' dir='ltr'><strong>movet.</strong></span> 
     </span>
     <span class='ocr_line' id='line_1_36' title="bbox 154 4446 1186 4532; baseline 0.005 -21"><span class='ocrx_word' id='word_1_291' title='bbox 154 4446 237 4511; x_wconf 76' lang='lat' dir='ltr'><strong>rtan</strong></span> <span class='ocrx_word' id='word_1_292' title='bbox 253 4466 316 4509; x_wconf 86' lang='lat' dir='ltr'><strong>nec</strong></span> <span class='ocrx_word' id='word_1_293' title='bbox 331 4456 389 4511; x_wconf 73' lang='lat' dir='ltr'><strong>tua</strong></span> <span class='ocrx_word' id='word_1_294' title='bbox 401 4466 483 4511; x_wconf 83' lang='lat' dir='ltr'><strong>vana</strong></span> <span class='ocrx_word' id='word_1_295' title='bbox 500 4447 666 4527; x_wconf 77' lang='lat' dir='ltr'><strong>jactantia,</strong></span> <span class='ocrx_word' id='word_1_296' title='bbox 683 4468 745 4513; x_wconf 84' lang='lat' dir='ltr'><strong>nec</strong></span> <span class='ocrx_word' id='word_1_297' title='bbox 761 4448 840 4515; x_wconf 76' lang='lat' dir='ltr'><strong>tusa</strong></span> <span class='ocrx_word' id='word_1_298' title='bbox 853 4450 992 4516; x_wconf 85' lang='lat' dir='ltr'><strong>Lutheri</strong></span> <span class='ocrx_word' id='word_1_299' title='bbox 1008 4451 1186 4532; x_wconf 78' lang='lat' dir='ltr'><strong>irtacctatio,</strong></span> 
     </span>
    </p>
   </div>
   <div class='ocr_carea' id='block_1_3' title="bbox 0 0 1314 5108">
    <p class='ocr_par' dir='ltr' id='par_1_3' title="bbox 0 0 1314 5108">
     <span class='ocr_line' id='line_1_37' title="bbox 0 0 1314 5108; baseline 0 0"><span class='ocrx_word' id='word_1_300' title='bbox 0 0 1314 5108; x_wconf 95' lang='lat' dir='ltr'><strong> </strong></span> 
     </span>
    </p>
   </div>
  </div>
 </body>
</html>
