2618 5108
219 805 291 881 670
530 797 673 876 Eraami
697 797 936 891 Roterodami

221 992 255 1055 Si
273 1004 346 1056 turm
365 994 486 1058 animus
513 991 653 1056 sincerus
672 1001 738 1067 est,
766 1010 899 1074 precor,
934 1001 971 1054 ut
990 990 1132 1055 Christus
1152 992 1235 1055 bene

220 1092 379 1169 lortunet,
420 1093 508 1176 quod
541 1090 619 1173 agis.
677 1089 735 1154 Me
770 1085 854 1153 nulla
879 1111 930 1155 res
959 1108 1157 1172 corrumpet,
1198 1107 1235 1155 ut

218 1191 323 1258 sciens
354 1192 487 1276 prodam
516 1188 734 1277 Euangeliou,
749 1187 891 1254 humanis
921 1188 1092 1253 effectibus.
1147 1190 1233 1253 Nihil

220 1291 322 1356 adhuc
339 1303 450 1355 contra
472 1303 505 1354 te
529 1289 657 1370 scripsi,
685 1289 824 1355 facturus
852 1288 885 1352 id
909 1299 1024 1374 magno
1048 1288 1231 1371 Principum

220 1395 389 1474 applausu,
419 1391 480 1455 nisi
503 1388 669 1466 vidissem,
699 1391 760 1454 boc
779 1390 897 1474 ubsque
922 1389 1044 1467 jactura
1067 1388 1233 1472 Evangelii

220 1510 288 1557 uon
318 1491 472 1555 futurum.
528 1490 665 1553 Tantrrm
700 1509 755 1552 eos
793 1488 912 1570 repuli,
953 1489 1009 1573 qui
1037 1490 1233 1553 conabantur

221 1591 367 1655 omnibus
384 1590 584 1672 Principibus
601 1591 810 1673 persuadere,
827 1589 900 1652 mihi
917 1600 1020 1652 tecum
1033 1589 1135 1651 loedus
1152 1609 1233 1666 esse,

220 1700 254 1753 et
273 1689 347 1753 mihi
373 1705 475 1754 tecum
503 1711 560 1771 per
588 1689 693 1753 omnia
718 1689 905 1775 convenire,
939 1700 971 1753 et
996 1688 1029 1751 iu
1048 1688 1136 1753 libris
1155 1689 1233 1753 meis

220 1788 309 1868 esse,
329 1789 482 1874 quicquid
500 1800 536 1853 tu
549 1789 699 1854 doceres.
736 1791 813 1852 Haec
831 1788 940 1870 opinio
960 1787 1015 1852 vix
1036 1788 1129 1854 etiam
1148 1811 1234 1852 nunc

198 1889 329 1974 ,revelli
348 1903 453 1973 potest
472 1912 513 1954 ex
531 1890 656 1954 illorum
673 1889 794 1953 animis.
831 1888 917 1973 Quid
929 1889 1045 1953 scribas
1065 1901 1099 1952 tu
1119 1889 1151 1951 iu
1170 1910 1235 1968 me,

219 2011 286 2054 uon
304 2011 497 2074 magnopere
518 1990 646 2065 laborm
673 1991 701 2052 ri
720 1990 870 2054 mundum
887 2001 1043 2072 spectem,
1064 1990 1138 2052 nihil
1160 1990 1235 2054 mihi

218 2091 362 2155 cecidere
393 2106 503 2173 posset
534 2089 669 2155 felicius.
719 2088 825 2172 Cupio
856 2091 936 2153 hanc
959 2090 1091 2153 animam
1121 2112 1235 2171 puram

216 2192 353 2255 reddere
385 2189 529 2267 Christo,
560 2201 593 2252 et
623 2188 655 2253 iu
683 2192 745 2252 hoc
774 2189 1001 2253 affectuvelim
1021 2212 1129 2254 omnes
1151 2212 1233 2256 esse.

218 2291 394 2374 siparum
417 2310 468 2367 es,
489 2289 633 2353 omuibus
653 2291 787 2354 reddere
803 2290 956 2354 rationem
974 2293 1015 2355 de
1034 2313 1087 2367 ea,
1109 2313 1179 2375 quae
1199 2294 1232 2357 iu

217 2405 249 2456 te
275 2402 341 2467 est,
375 2392 453 2468 fide,
485 2413 542 2454 cur
561 2398 650 2474 'segre
675 2391 774 2470 leros,
806 2390 834 2453 si
861 2389 931 2474 quis
962 2390 1103 2468 discendi
1132 2395 1233 2475 gratia

216 2505 320 2555 tecum
339 2491 496 2575 disputet?
516 2494 663 2556 Fortasse
682 2505 859 2573 Erasmus,
885 2489 1023 2554 scribens
1043 2491 1076 2552 in
1098 2503 1147 2568 le,
1167 2514 1232 2557 mu·

217 2592 266 2674 gis
286 2592 444 2676 profuerit
463 2595 654 2676 Evangelio,
676 2616 769 2680 quam
789 2594 915 2678 quidam
936 2590 1042 2655 stolidi
1057 2575 1228 2657 scribentes

217 2714 277 2779 pro
297 2709 344 2771 te,
372 2714 430 2774 per
456 2715 537 2778 quos
557 2715 623 2757 non
646 2695 719 2758 licet
744 2717 813 2758 esse
832 2699 1039 2774 spectatorem
1059 2694 1149 2758 istius
1167 2705 1227 2756 tra·

217 2792 344 2878 gordiae,
372 2814 442 2877 quae
467 2792 584 2857 utinam
612 2815 678 2856 uon
697 2795 808 2857 habeat
826 2793 978 2877 tragicum
997 2794 1133 2858 exitum!
1164 2793 1229 2858 Sed

217 2913 266 2958 me
296 2892 330 2958 in
358 2893 516 2958 diversam
541 2906 660 2977 partem
690 2897 886 2975 propellunt,
916 2893 1036 2956 etiamsi
1064 2890 1228 2977 Principes

216 3015 283 3057 uon
302 3015 344 3057 eo
363 2997 597 3078 compellerent.
644 2997 768 3059 Horum
792 2994 974 3077 improbitas
1000 2994 1101 3058 reddit
1120 2996 1228 3057 Evan-

217 3095 333 3177 gelium
360 3094 496 3159 invisum
522 3097 605 3178 apud
631 3097 794 3173 cordatos,
825 3110 857 3159 et
883 3108 1037 3176 cogentur
1062 3092 1228 3177 Principes

216 3193 349 3257 istorum
375 3197 540 3259 seditiosos
555 3200 714 3265 ,tumultus
733 3217 952 3278 compescere;
981 3216 1090 3258 verum
1109 3192 1143 3257 id
1160 3215 1230 3257 non

216 3296 272 3359 liet
293 3294 411 3379 absque
431 3297 556 3361 laesione
575 3296 790 3361 innoxiorum.
826 3296 950 3360 Nemini
969 3297 1158 3371 auscultant,
1187 3317 1229 3359 ne

199 3396 273 3460 tibi
293 3397 431 3480 quidem.
468 3398 601 3478 Implent
617 3400 768 3463 muudum
787 3397 915 3461 furiosis
935 3397 1064 3473 libellis,
1084 3396 1126 3458 ob
1147 3417 1229 3481 quos

217 3520 321 3582 operae
339 3496 476 3580 pretium
493 3498 669 3562 existimant
677 3522 690 3576 ,·
709 3515 831 3563 veteres
852 3500 920 3562 illos
940 3499 1138 3562 orthodoxos
1152 3517 1230 3561 cou-

216 3614 366 3663 temnere.
416 3600 480 3662 Sed
498 3601 544 3661 his
563 3599 603 3662 de
622 3601 718 3665 rebus
739 3599 896 3682 prolixum
917 3599 956 3663 sit
974 3598 1131 3675 scribere;
1156 3618 1229 3682 pre·

216 3720 288 3777 cor,
308 3712 343 3763 ut
354 3700 441 3763 Deus
462 3699 566 3763 omnia
584 3713 685 3765 vertat
703 3702 735 3764 in
751 3724 839 3766 suam
851 3699 992 3785 gloriam.
1029 3698 1067 3762 ln
1083 3709 1238 3784 Sponqic·

214 3799 397 3865 modestiam
416 3799 593 3878 desideras,
625 3822 698 3866 cum
730 3802 773 3864 ibi
798 3802 838 3864 de
859 3801 922 3862 vita
942 3799 1096 3876 Hutteni‚
1137 3803 1225 3876 luxu,

214 3900 342 3977 scortis,
375 3903 440 3964 alea
466 3901 687 3983 perditissima,
720 3903 761 3966 de
787 3899 972 3964 stultissimis
997 3900 1079 3964 illius
1106 3899 1227 3985 gloriis,

213 4001 306 4078 nulli,
341 4003 478 4086 quamvis
507 4000 607 4064 amico
626 4022 662 4065 ac
682 4002 811 4085 patienti
830 4002 1020 4079 tolerandis,
1052 4002 1092 4064 dc
1112 4001 1229 4063 decoc-

212 4101 369 4180 tionibus,
403 4102 444 4164 de
481 4112 606 4171 extorta
638 4101 658 4165 'a
689 4102 964 4167 carthusiensibus
997 4101 1151 4185 pecunia,
1188 4101 1229 4166 de

212 4203 375 4284 amputatis
406 4203 551 4266 auriculis
583 4203 708 4267 duobus
735 4204 1008 4289 puudicatoribus,
1041 4206 1083 4266 de
1103 4203 1229 4264 latroci-

211 4305 289 4383 nio,
311 4304 426 4367 invasis
453 4304 551 4367 tribus
571 4304 747 4368 Abbatibus
768 4306 801 4366 in
831 4305 882 4366 via
900 4305 1041 4387 publica,
1073 4306 1117 4368 ob
1137 4305 1228 4389 quod

209 4404 330 4469 facinus
350 4426 431 4468 uuus
450 4427 469 4467 e
489 4399 609 4467 famulis
627 4403 706 4470 illius
729 4405 829 4490 capite
859 4418 1020 4472 muscosus
1035 4417 1100 4484 est,
1120 4406 1229 4489 deque
