2618 5108
472 71 632 303 ιο,
664 296 703 301 -η

196 813 270 902 §itt
445 811 522 886 ott
546 807 744 886 Brunselsii
766 807 974 920 Responsio

201 1003 342 1068 sublatus
369 1013 434 1079 est,
456 1001 513 1085 qui
539 1000 656 1063 bellum
682 999 822 1084 incoepit.
862 999 1020 1084 Quoniam
1047 1013 1151 1065 tamen
1175 1020 1220 1065 eo

201 1103 323 1187 judicio
347 1122 414 1166 non
438 1120 548 1164 omnes
572 1116 662 1176 aunt,
693 1118 725 1164 et
746 1105 799 1163 vel
823 1119 858 1165 tu
885 1123 1017 1186 quoque
1039 1099 1221 1166 existimare

199 1202 323 1290 postia,
347 1202 402 1264 vel
418 1199 512 1263 animi
531 1200 666 1284 quadam
686 1200 829 1278 levitate,
861 1203 914 1264 vel
935 1223 1016 1265 vana
1037 1202 1138 1284 gloria
1156 1202 1222 1265 bue

201 1304 372 1370 adductum
394 1322 468 1366 esse
487 1321 557 1377 me,
576 1301 683 1380 accipe
706 1301 846 1365 breviter
870 1323 888 1364 a
909 1305 1026 1385 eapite,
1050 1301 1127 1387 quid
1154 1303 1223 1365 iae·

202 1415 270 1470 tum
290 1417 356 1479 est,
384 1403 474 1487 quod
495 1399 731 1482 responderim,
763 1419 795 1465 et
822 1403 899 1485 quid
925 1403 958 1465 in
977 1422 1008 1465 te
1031 1404 1222 1467 desiderem.

277 1504 379 1567 Allata
402 1517 451 1566 est
475 1502 551 1565 mihi
569 1502 705 1582 primurn
726 1501 973 1586 Neuenburgam
996 1503 1135 1586 Spongia
1153 1517 1243 1589 tna„

201 1600 279 1670 (itm
308 1603 410 1666 adhue
438 1603 562 1666 viveret
586 1603 761 1676 Huttenns3
794 1619 889 1684 atque
919 1601 982 1664 dici
1007 1624 1073 1665 non
1104 1619 1222 1683 potest,

202 1724 299 1790 quam
326 1722 378 1767 me
407 1702 582 1766 confecerit
612 1699 840 1777 dolentissime,
878 1702 954 1765 dum
983 1702 1129 1766 videbam
1157 1714 1223 1768 tam

199 1804 406 1888 eontemptim
432 1814 465 1867 et
489 1801 663 1867 deridicule
689 1802 822 1865 amicum
848 1801 921 1864 mihi
949 1802 1078 1864 lacerari
1098 1813 1129 1864 et
1147 1807 1222 1868 rodi

200 1925 261 1991 per
278 1916 323 1969 te.
370 1904 454 1968 Mox
479 1903 641 1967 nuntiatur
672 1913 704 1964 et
729 1903 893 1965 occubitus
919 1902 1169 1985 eloquentissimi
1187 1925 1223 1975 et

199 2004 397 2090 integerrimi
412 1997 489 2079 viri}
508 2004 658 2067 accrescit
670 2003 771 2067 indies
790 2006 900 2078 dolor,
920 2016 952 2064 et
972 2004 1065 2084 coepit
1083 2025 1134 2068 me
1152 2026 1223 2070 non

194 2118 264 2172 tam
280 2109 360 2171 male
378 2106 495 2170 babere
514 2104 625 2186 optimi
643 2104 733 2167 amici
757 2126 859 2181 mors,
892 2123 985 2188 quam
1005 2115 1058 2166 tua
1076 2106 1223 2170 stultissi-

197 2227 251 2274 ma
281 2205 440 2291 Spongia:
477 2205 570 2289 quod
613 2204 758 2267 videbam
784 2205 944 2281 futurum,
977 2215 1012 2267 ut
1039 2204 1221 2270 mentireris

198 2308 263 2387 iarn
281 2308 359 2369 eitra
378 2307 534 2385 pudorem
553 2305 780 2380 inhominem,
804 2307 956 2390 quiequid
976 2309 1082 2369 velles.
1120 2307 1221 2370 Venit

196 2408 307 2488 itaque
331 2406 364 2467 in
385 2415 538 2482 mentem,
570 2417 608 2466 ut
631 2405 716 2467 vices
742 2427 878 2488 agerem.
926 2407 1079 2469 Parabam
1103 2406 1221 2484 stilum,

198 2517 230 2570 et
259 2506 453 2568 absterrebat
490 2517 593 2567 tamen
618 2507 799 2590 eloquentia
829 2521 897 2570 tua·
953 2506 1105 2570 Putabam
1133 2509 1222 2572 enim

198 2604 315 2671 trustra
332 2627 420 2681 esse,
446 2608 615 2682 lacessere,
650 2607 707 2690 qui
729 2608 865 2670 intanta
886 2619 968 2670 esset
988 2608 1221 2673 existimatione

197 2710 282 2791 apud
299 2707 482 2773 Cardimles
503 2719 534 2772 et
548 2708 746 2789 Episcopus,
767 2708 794 2769 si
813 2711 906 2770 culex
924 2707 1043 2770 seilicet
1057 2711 1222 2772 morderet

198 2810 409 2891 elephantum.
456 2810 591 2874 Abduco
612 2831 737 2873 manum
767 2809 924 2884 atabula,
956 2808 1111 2870 donabam
1131 2809 1221 2889 inju-

199 2911 280 2974 riam
298 2910 409 2987 amici,
428 2911 485 2994 qui
503 2913 566 2993 jam
585 2912 713 2974 vivebat
731 2910 762 2971 in
783 2929 877 2989 paee,
899 2928 991 2991 quam
1009 2920 1041 2968 et
1057 2909 1124 2988 ipse
1141 2930 1221 2972 eon·

198 3011 344 3089 donarat,
380 3031 415 3076 se
448 3013 552 3094 ipsum
580 3015 732 3077 reddens:
765 3008 887 3073 tametsi
913 3029 970 3070 sna
1004 3020 1122 3071 tantum
1151 3032 1220 3073 non

196 3120 284 3185 erat,
303 3110 361 3175 sed
374 3112 514 3175 omniurn
525 3113 683 3177 bonorum
698 3115 857 3187 virorum,
879 3111 936 3174 sed
948 3108 1075 3174 Christi.
1103 3113 1220 3192 Neque

196 3208 284 3272 enim
302 3212 434 3273 Hutteni
461 3213 523 3274 hoe
552 3214 715 3295 negotium
732 3225 853 3276 tantum
883 3209 967 3294 agis,
1000 3213 1057 3274 sed
1078 3210 1222 3275 velutin

197 3308 307 3373 chaum
339 3311 508 3374 confundis
538 3313 614 3390 hue,
648 3314 800 3398 quiequid
829 3331 959 3392 usquam
979 3312 1108 3392 potuisti
1131 3330 1222 3375 men·

195 3408 360 3474 (lariorum
379 3413 567 3490 corradere,
593 3413 746 3498 quiequid
764 3434 897 3496 usquam
918 3425 985 3476 erat
1004 3415 1043 3476 ad
1064 3411 1220 3477 invidiam

197 3512 364 3596 Evangelii
391 3523 424 3576 et
451 3514 574 3594 negotii
593 3514 785 3579 Lutherani:
813 3525 849 3577 ut
879 3514 971 3596 cujus
1000 3533 1066 3576 non
1090 3527 1219 3593 poteras

198 3631 271 3675 eum
290 3612 422 3675 veritate
442 3612 567 3693 objecta
592 3614 754 3691 refellere,
788 3616 871 3679 hune
889 3618 952 3678 tuis
975 3607 1128 3676 obrueres
1146 3614 1221 3676 rbe-

64 3748 74 3774 ,
196 3709 306 3775 torieis
325 3711 453 3788 ironiis,
475 3713 755 3793 assumptionibus,
776 3715 1089 3796 praesumptionibus,
1116 3714 1223 3795 suspi-

198 3811 362 3887 cionibus,
394 3811 658 3891 divinationibus,
691 3816 806 3898 quibus
830 3815 994 3898 praestigiis
1014 3817 1133 3878 nullum
1152 3834 1222 3878 non

197 3911 307 3975 lucum
326 3912 409 3974 soles
429 3911 598 3996 obtegere,
618 3917 733 3979 nullam
751 3938 816 3979 non
835 3918 998 3979 veritatem
1017 3917 1203 3978 obscurare.

272 4010 404 4074 Interim
434 4015 576 4078 serundo
618 4015 724 4080 editur
752 4039 811 4099 per
839 4027 872 4078 te
903 4015 1014 4080 infelix
1043 4027 1076 4078 et
1105 3996 1222 4078 miseri

99 4156 104 4164 x
193 4108 360 4195 Spongia,
379 4124 499 4175 utnon
518 4111 581 4195 jam
600 4116 804 4201 adspergines
823 4118 1034 4201 abstergeret,
1062 4119 1121 4181 eed
1140 4137 1220 4178 con·

195 4213 333 4274 traheret
363 4223 394 4274 et
424 4212 589 4279 imbiberet
609 4217 762 4301 quiequid
780 4217 894 4280 ultimae
914 4220 998 4280 fecis
1023 4229 1056 4279 et
1075 4215 1221 4279 sordium

195 4323 281 4390 erat,
303 4333 384 4396 quas
404 4334 583 4396 compressa
602 4318 751 4382 effundat.
788 4318 945 4394 Additur,
976 4331 1046 4401 qun
1064 4319 1144 4379 banc
1163 4337 1220 4379 ve·

195 4431 272 4476 num
299 4425 455 4494 exponat,
482 4417 632 4494 mordax,
660 4417 881 4502 sycophantiea
910 4429 943 4481 et
971 4419 1126 4482 virulenta
1151 4416 1222 4501 epi·
