2618 5108
199 760 297 852 v384⁴
353 757 439 843 Ula.
466 759 513 835 ab
538 760 683 836 Hutten
708 782 794 837 cum
816 759 972 837 Erasmo
996 761 1083 836 Rotw

193 957 450 1041 praeclararum.
496 957 541 1022 Et
564 956 654 1041 quod
674 976 786 1040 posses
808 977 959 1040 mgnum
986 956 1060 1020 alibi
1084 976 1230 1021 momen-

195 1066 264 1122 tum
294 1057 423 1122 lacere?
461 1079 539 1143 quas
568 1058 666 1122 edere
694 1058 854 1125 uirtutes?
904 1059 995 1143 quod
1033 1061 1152 1121 clarum
1190 1057 1232 1121 ad

193 1160 378 1225 memoriam
397 1159 542 1222 facinus?
562 1181 657 1245 quam
682 1180 794 1242 parere
812 1160 968 1243 gloriam?
996 1162 1086 1244 quod
1107 1159 1231 1222 decus?

194 1261 258 1328 Hic
287 1261 452 1325 veritatem
483 1260 640 1336 tuebaris,
679 1261 749 1323 istic
773 1263 919 1324 l'raudem
952 1247 1120 1325 asserer'es.
1166 1258 1231 1322 Hic

194 1385 255 1446 pro
286 1364 430 1427 libertate
464 1362 685 1445 depugnabas,
739 1361 809 1424 istic
843 1374 878 1425 ut
913 1363 1031 1426 servies
1072 1362 1229 1425 adulando

196 1465 407 1527 obtinendum
433 1474 499 1540 est,
535 1464 718 1525 certandum
737 1475 795 1527 est.
839 1464 901 1527 Hic
921 1464 1054 1526 habebas
1074 1461 1231 1545 conjunc·

195 1576 263 1630 tum
281 1564 338 1627 tibi
359 1564 513 1647 optimum
543 1585 723 1647 quemque,
758 1577 791 1627 et
808 1564 872 1627 vita
892 1586 927 1627 ac
953 1565 1133 1628 eruditione
1154 1586 1232 1648 pro·

98 1687 101 1701 ·
194 1666 394 1732 beatissimum
401 1688 427 1739 3·
445 1665 515 1728 istic
535 1665 622 1729 socia
640 1664 786 1728 barbarie
807 1666 899 1728 toties
927 1666 982 1729 abs
1012 1680 1043 1729 te
1064 1667 1230 1743 debellate,

194 1779 228 1832 et
242 1769 360 1848 stipatu
379 1769 500 1829 cinctus
520 1766 701 1842 hominum,
729 1767 762 1829 in
783 1769 897 1830 nullam
913 1789 979 1838 non
999 1767 1230 1851 turpitudinem

193 1879 228 1934 et
245 1870 403 1944 dedecus,
433 1869 621 1932 maleficium
652 1880 685 1929 et
723 1870 824 1930 scelus
871 1869 1063 1950 proclivum,
1104 1869 1229 1952 quique

120 1956 125 1975 ⁸
193 1970 252 2034 tibi
278 1969 372 2033 etiam
402 1972 537 2047 (certum
571 1971 630 2042 est)
656 1967 761 2030 animo
789 1970 892 2032 allecti
913 1992 979 2032 non
1010 1982 1099 2046 sunt,
1132 1990 1229 2032 omne

193 2073 367 2137 humanum
386 2083 482 2154 atque
503 2069 646 2133 divinum
667 2069 713 2130 las
734 2070 946 2152 oppugnabis.
999 2074 1103 2153 Quam
1121 2082 1229 2134 tamen

192 2185 234 2247 ut,
248 2172 421 2237 fortissime
441 2169 486 2233 ibi
508 2192 606 2233 naves
626 2192 757 2250 operam
785 2181 881 2254 atque
900 2173 962 2233 hoe
983 2183 1130 2252 praestes,
1160 2192 1227 2255 quo

192 2274 270 2339 nihil
298 2273 398 2355 magis
428 2273 563 2347 vellent,
602 2281 637 2332 ut
669 2270 771 2334 victos
799 2292 859 2334 nos
886 2272 1122 2352 triumphandos
1150 2272 1228 2355 ipsis

191 2375 356 2458 propines,
377 2394 447 2457 quae
467 2372 594 2434 tandem
613 2372 681 2433 laus
701 2370 761 2434 erit
781 2372 937 2448 victoriae,
959 2396 1028 2455 quaa
1049 2385 1084 2436 ut
1102 2373 1171 2454 ipse
1191 2385 1228 2437 tu

191 2477 245 2539 vel
265 2485 383 2537 temere
404 2471 570 2548 ominosis,
591 2473 699 2533 velut
720 2482 862 2554 caiphas
886 2473 960 2536 olim
981 2486 1091 2537 contra
1112 2477 1228 2538 volun·

191 2586 288 2640 tatem
310 2573 496 2637 vaticinatus
517 2595 569 2649 es,
604 2593 750 2670 magnam
779 2575 980 2656 Evangelicse
1015 2576 1157 2638 veritatis
1190 2598 1228 2639 ec

194 2676 347 2746 libertatis
369 2675 493 2740 ruinam
511 2696 619 2738 seeum
638 2675 767 2738 trahet?
802 2677 854 2738 'l'u
874 2687 907 2737 et
924 2676 1026 2752 nosti,
1052 2689 1084 2739 et
1102 2677 1223 2754 lateris,

192 2779 354 2863 oppressis
374 2778 469 2841 nobis
489 2775 554 2838 vim
574 2797 740 2857 passurum
760 2775 989 2859 Evangelium,
1010 2790 1043 2838 ct
1065 2790 1169 2841 tamen
1189 2789 1227 2842 ut
1277 2819 1282 2830 ·

191 2880 423 2965 opprimamur,
446 2878 575 2942 studere
589 2876 711 2939 audes?
731 2878 819 2960 Quid
836 2889 945 2957 posset
958 2879 1028 2940 fieri
1040 2878 1226 2943 scelestius?

191 2982 270 3067 quid
289 2981 388 3064 magis
407 2977 566 3061 impium?
584 2978 647 3041 Hie
666 2989 719 3039 tua
738 2980 864 3041 tandem
880 2990 911 3042 te
930 2980 1087 3060 prodente
1108 2980 1227 3044 dilucet

108 3065 113 3074 ⁸
190 3082 345 3167 equitas?
366 3082 429 3144 Hic
449 3082 556 3144 intima
576 3084 675 3161 palam
695 3082 785 3143 fiunt.
826 3081 912 3162 Quid
936 3102 1017 3162 opus
1039 3081 1147 3165 itaque
1167 3093 1227 3145 ests

189 3181 224 3246 in
255 3182 393 3264 speciem
421 3182 592 3245 honestatis
622 3184 716 3244 multa
741 3181 795 3244 abs
823 3193 854 3243 te
883 3180 1021 3261 jactari?
1059 3184 1129 3245 Hac
1161 3203 1227 3246 una

127 3353 129 3359 ,
182 3277 396 3348 'confessione
410 3282 561 3364 aperuisti
575 3294 676 3345 totum
689 3294 737 3359 te,
759 3294 794 3343 ut
805 3281 897 3344 facile
912 3283 1058 3347 omnibus
1072 3282 1227 3364 cognosci

190 3386 303 3462 detur,
324 3397 356 3446 et
377 3384 455 3468 quid
477 3384 673 3460 deserueris,
695 3394 726 3445 et
748 3385 825 3467 quid
844 3396 971 3447 secutus
992 3384 1044 3448 sis.
1082 3385 1147 3447 Ubi
1166 3383 1227 3449 etsi

107 3509 112 3517 “
189 3487 307 3572 dignus
328 3507 417 3561 eras,
445 3495 540 3568 atque
561 3484 603 3546 ita
623 3483 745 3567 negotii
766 3487 889 3549 serebat
909 3487 1010 3565 ratio,
1032 3499 1067 3549 ut
1087 3487 1225 3569 pessime

191 3588 232 3654 ab
253 3588 401 3652 omnibus
429 3583 624 3662 multareris,
656 3609 740 3667 saepe
766 3599 889 3663 tamen,
924 3600 956 3651 et
986 3611 1058 3650 cum
1089 3588 1226 3655 maxime

189 3690 311 3754 irascor
329 3687 406 3764 tibi,
427 3688 563 3749 redeunt
579 3687 611 3748 in
630 3687 813 3750 memoriam
829 3688 978 3770 pristina:
1003 3693 1129 3754 utsatis
1147 3713 1227 3755 con·

191 3791 333 3857 stitutum
344 3811 411 3851 non
424 3789 565 3863 habeam,
586 3800 693 3850 utrum
711 3811 780 3872 quac
802 3813 886 3851 nurrc
903 3791 991 3867 sacis,
1011 3792 1125 3873 majori
1146 3795 1224 3857 odio

190 3891 392 3972 accipienda,
420 3911 459 3951 en
490 3912 559 3972 quae
586 3893 660 3952 olim
691 3891 816 3952 edidisti
848 3914 960 3975 magna
987 3907 1017 3956 et
1039 3894 1226 3976 immortalia

191 3991 314 4056 virtutis
332 4013 445 4073 opera,
467 3992 620 4053 stabiliori
644 3991 808 4054 retinenda
826 3993 888 4054 sint
907 3996 1024 4076 gratia,
1046 3997 1107 4058 nisi
1134 3998 1227 4081 quod

190 4097 256 4160 bec
288 4094 357 4176 ipse
383 4106 551 4167 retrectas,
589 4106 620 4155 et
649 4095 738 4177 quod
763 4095 936 4158 maximum
968 4109 1056 4159 tuum
1091 4111 1156 4174 est,
1192 4111 1226 4163 et

192 4195 437 4280 pulcherrimum
457 4193 490 4256 in
509 4195 735 4276 rempublicam
757 4195 965 4259 Christianam
985 4198 1148 4275 meritum,
1176 4201 1226 4263 vi·

192 4297 262 4363 deri
282 4317 348 4359 non
368 4294 415 4357 vis
436 4309 546 4359 contra
565 4297 702 4360 Romani
725 4295 877 4378 Episcopi
911 4317 942 4358 et
972 4298 1053 4362 illius
1085 4304 1224 4382 sceleste

192 4398 298 4466 Curias
319 4397 517 4479 tyrannidem
532 4398 669 4463 sensisse
688 4419 839 4482 unquam.
859 4398 968 4483 Atque
979 4400 1040 4463 boc
1053 4413 1084 4462 te
1098 4403 1225 4466 tandem
