2618 5108
139 807 211 884 tte
493 807 653 908 Spongia
675 796 817 887 Erasmi

143 999 182 1062 ab
201 998 305 1063 amicis
325 1011 521 1081 porrectum,
542 1001 575 1064 in
595 1002 681 1082 ipsos
700 1013 899 1086 retorquere.
918 998 998 1062 -Hic
1014 994 1083 1062 ‘scio
1103 1018 1172 1064 me·

141 1101 286 1165 clamabit
311 1102 470 1163 Huttenus
498 1103 660 1165 artificem.
710 1102 778 1164 lmo
801 1104 864 1164 hoe
887 1101 921 1163 in
945 1112 1010 1164 arte
1040 1100 1160 1163 dicitur

140 1201 325 1272 consilium,
346 1202 433 1282 quod
454 1200 509 1283 qui
529 1222 593 1262 non
608 1201 768 1283 inlelligit,
788 1224 831 1264 ne
844 1200 919 1264 velit
931 1200 1032 1262 videri
1044 1200 1160 1262 iacun·

140 1303 211 1365 dus.
250 1303 348 1383 Quod
375 1301 402 1363 si
430 1301 470 1362 ab
496 1303 556 1363 hoc
584 1302 822 1384 argumentandi
848 1323 965 1381 genere
984 1321 1042 1361 nec
1063 1299 1161 1362 Cirri-

139 1413 225 1478 stus,
256 1422 317 1464 nec
336 1390 483 1482 Apostoli
503 1402 740 1476 abstinuerunt,
773 1423 896 1484 aequum
925 1413 972 1463 est
990 1402 1064 1462 mibi
1087 1400 1159 1463 dari

135 1502 275 1586 ¹veniam.
322 1502 385 1564 Sed
412 1502 511 1584 magis
538 1506 698 1566 exulcerat
723 1502 858 1564 animum
884 1502 980 1576 illius,
1008 1502 1097 1583 quod
1125 1500 1176 1563 in·

140 1603 249 1665 eadem
269 1604 412 1685 sequitur
432 1603 581 1683 epistola:
615 1606 700 1675 „Eas
724 1602 823 1684 igitur
848 1621 913 1662 non
932 1600 1064 1680 simplici
1084 1620 1160 1662 curu

141 1703 253 1764 dolore
266 1703 345 1785 legi,
369 1706 453 1764 nun'c
469 1703 607 1777 illorum,
625 1723 709 1764 nunc
725 1698 810 1763 luam
821 1701 923 1764 vicem
936 1701 1159 1783 ingemiscens,

140 1802 276 1866 subinde
294 1812 457 1879 metuens,
482 1824 523 1864 ne
547 1803 640 1864 bonis
667 1814 698 1864 et
716 1802 924 1885 nequieritis,
954 1812 1016 1862 tam
1045 1801 1162 1862 acerba

140 1901 300 1978 convicia,
328 1923 395 1963 non
416 1901 543 1963 omnino
562 1902 597 1963 in
616 1903 829 1964 immerentem
847 1913 991 1963 contorta
1010 1901 1159 1964 videreu-

104 2007 108 2015 '
139 2008 218 2065 tur.“
257 2003 343 2084 Quid
359 2004 408 2065 hie
421 2005 628 2065 stomachatur
643 2003 822 2064 Huttenus?
841 2003 1003 2082 significo,
1019 2002 1113 2064 bonis
1126 2012 1172 2063 et·

140 2102 239 2186 aequis
258 2104 335 2165 viris
355 2103 457 2165 videri
477 2124 528 2165 eas
549 2103 695 2183 epistolas
711 2122 776 2164 non
795 2103 923 2164 omnino
933 2102 972 2174 >in
990 2103 1159 2165 immeren-

139 2215 203 2265 tem
222 2203 368 2283 scriptas:
400 2203 489 2275 „Sed
509 2204 637 2285 oblique
664 2202 759 2278 dicis,
789 2201 908 2283 inquit,
943 2214 976 2262 et
995 2206 1157 2281 figurare!

138 2304 262 2364 Verum
280 2301 326 2362 sic
345 2301 534 2382 expediebat
552 2323 662 2379 causae,
683 2302 777 2385 quarn
796 2303 935 2384 agebam.
973 2304 1016 2364 At
1030 2302 1158 2365 interim

141 2421 208 2462 non
228 2402 339 2476 habet,
377 2403 465 2483 quod
485 2415 636 2483 queratur
655 2405 834 2478 Huttenus3
867 2425 972 2486 neque
992 2405 1075 2465 enim
1097 2405 1160 2489 ipsi

139 2500 282 2581 impingo
310 2499 526 2581 intemperiem
550 2514 603 2563 aut
628 2503 812 2580 versitatem,
839 2506 896 2566 sed
914 2525 1027 2567 accuso
1049 2507 1158 2568 Hocb-

139 2613 278 2665 stratum‚
324 2603 471 2665 Fortasse
504 2604 550 2666 sic
577 2625 627 2666 me
653 2604 780 2665 volebat
809 2607 967 2667 Huttenus
995 2605 1166 2668 scriberes·

140 2702 369 2784 „spurcissima
387 2702 512 2780 latrina,
544 2705 609 2765 tun'
630 2703 726 2765 audes
745 2704 832 2767 viros
851 2706 964 2766 heroas
990 2706 1053 2766 tuis
1074 2727 1158 2768 mer·

140 2805 229 2867 dosis
249 2803 359 2867 libellis
386 2804 596 2886 aspergere“?
627 2803 773 2866 Forsitan
801 2804 846 2865 sic
864 2805 995 2868 decebat
1014 2805 1158 2870 scribere

141 2905 336 2980 Eudemum,
367 2915 399 2967 at
416 2925 482 2965 non
503 2903 634 2965 decebat
654 2906 827 2966 Erasmum.
871 2905 904 2966 Si
923 2906 1067 2967 sanabilis
1088 2918 1168 2969 erat.

141 3005 368 3080 Hocbstratus,
408 3015 475 3065 erat
505 3015 574 3084 apta
610 3001 759 3066 civilitas:
790 3005 838 3067 sin
869 3016 936 3066 erut
963 3007 1156 3084 insanabilis,

139 3105 237 3186 magis
265 3103 351 3166 illum
378 3104 461 3184 apud
480 3104 583 3166 bonos
603 3104 752 3180 gravabat
769 3126 837 3167 mea
856 3108 1026 3183 modestia,
1059 3131 1156 3192 quam

127 3215 301 3286 gravasset
320 3203 475 3283 procacia.
527 3203 683 3266 Caeterum
701 3225 774 3267 cum
791 3206 818 3267 is
849 3209 937 3270 locus
956 3209 996 3269 ad
1016 3223 1155 3291 quatuor

138 3304 226 3366 viros
255 3324 296 3364 ex
323 3324 413 3386 aequo
447 3303 634 3383 pertineret,
665 3325 721 3366 cnr
755 3326 814 3367 nec
842 3306 987 3388 Capnion
1014 3332 1155 3393 unquam

140 3406 280 3468 offensus
307 3415 369 3479 est,
398 3401 489 3479 cujus
508 3403 640 3483 epistola
658 3405 732 3465 mihi
752 3428 828 3468 vere
859 3408 1057 3487 displicebat,
1086 3433 1154 3475 uon

57 3566 59 3571 ⁴
139 3509 229 3592 quod
255 3524 448 3589 magnopere
481 3503 630 3566 sollicitus
656 3527 772 3581 essem,
806 3506 884 3588 quid
910 3508 1100 3572 scriberetur
1119 3511 1154 3574 in

138 3610 379 3680 Hocbstratum‚
398 3605 454 3667 sed
476 3604 563 3686 quod
582 3605 722 3666 dolerem
734 3607 887 3687 optimum
905 3623 1011 3671 senem
1033 3612 1072 3671 ad
1085 3623 1153 3673 tan-

138 3720 200 3771 tam
220 3707 313 3770 animi
332 3705 601 3787 perturbationem
619 3705 823 3785 perductum,
853 3722 997 3792 quantam
1017 3713 1066 3772 illa
1088 3736 1152 3793 prae

136 3831 171 3873 se
197 3809 319 3871 ferebat
348 3806 489 3885 epistola.
536 3802 605 3866 Cur
630 3825 696 3866 non
721 3818 769 3869 est
800 3810 938 3874 offensus
970 3814 1152 3876 Busrhius?

136 3911 217 3972 Nam
238 3908 369 3980 Comes,
400 3905 449 3967 vir
475 3903 706 3967 emunctissimo
736 3906 872 3987 judicio,
903 3912 1070 3974 delectatus
1104 3927 1154 3978 est

136 4009 230 4073 etiam
248 4010 298 4070 illa
317 4007 468 4086 epistola,
500 4017 532 4067 et
551 4006 664 4087 gratias
684 4007 765 4087 egit,
787 4012 874 4090 quod
894 4034 1054 4096 nunquam
1074 4015 1151 4078 iecit

136 4111 354 4172 Hocbstratus.
405 4108 574 4168 Postremo
603 4125 660 4167 cur
689 4110 847 4173 Huttenns
874 4114 931 4174 lrac
955 4116 996 4175 (le
1023 4138 1057 4177 re
1084 4139 1151 4181 non

137 4208 349 4292 expostulavit
367 4227 507 4280 meeum,
527 4226 599 4267 cum
617 4220 701 4271 esset
720 4211 753 4270 in
774 4213 962 4277 Brabantia?
981 4218 1049 4279 Jam
1064 4219 1150 4281 enim

136 4315 285 4379 volumen
304 4320 371 4370 erat
390 4307 518 4370 editum.
562 4308 636 4387 Hoc
653 4329 725 4372 cum
746 4311 787 4372 ita
806 4316 1007 4396 perspicuum
1026 4320 1084 4395 sit,
1115 4331 1150 4382 ut

136 4414 187 4473 sel
206 4430 309 4486 coeco,
338 4409 428 4494 quod
454 4406 561 4490 ajunt,
588 4421 751 4492 apparent,
780 4434 933 4495 quorsum
965 4417 1075 4482 attinet
1100 4419 1150 4483 ille
