2618 5108
142 838 189 917 ts
478 830 583 917 Bulla
630 834 819 932 Dialogus.

590 1026 726 1089 Bulla.

214 1125 323 1202 Beati,
343 1129 401 1210 qui
420 1146 470 1189 me
491 1124 612 1206 juvant.

551 1235 731 1298 Hutteuu
740 1255 765 1294 s.

213 1334 391 1398 Pendeuut.
429 1333 550 1416 Accipe
570 1338 608 1396 in⁴
623 1335 775 1413 scapulas.

695 1461 723 1502 a.

213 1542 309 1604 Ferte
336 1543 512 1623 suppetias,
546 1442 716 1617 Geliriitirii,
753 1537 868 1623 quibus
898 1539 1020 1618 inelyte
1048 1559 1194 1640 semper-¹

137 1643 271 1706 fuerunt
291 1644 408 1705 Bulisei

547 1732 762 1795 Huttenus.
822 1790 825 1798 .

209 1832 254 1898 At
276 1853 362 1911 nunc
374 1831 502 1913 ,odiosas
522 1844 613 1909 sunt,
635 1843 669 1895 et
686 1829 804 1894 infensi
823 1831 942 1893 hostes.

586 1941 716 2004 Bulla.

216 2040 316 2123 Quod
336 2039 487 2123 equidem
506 2039 613 2105 miror.
662 2041 742 2103 Nam
770 2060 853 2124 quos
880 2051 1065 2100 aversantes
1086 2056 1174 2098 nune

138 2142 254 2217 ¹video,
287 2139 326 2202 iis
346 2139 431 2203 oculi
450 2161 573 2204 eramus
593 2162 716 2223 nuper,
748 2138 791 2201 ita
810 2137 1054 2201 venerabantur.
1095 2135 1177 2218 Qui·

138 2246 211 2308 dam
236 2243 328 2304 etiam
347 2241 416 2303 sine
428 2241 522 2304 nobis
541 2242 670 2319 vivere,
689 2240 841 2325 putabant
860 2260 927 2300 non
939 2235 1068 2314 vivere,
1089 2257 1175 2300 eme·

138 2347 215 2410 baut
235 2344 343 2427 itaque
363 2341 480 2425 magui.
774 2408 777 2413 ,

548 2432 762 2496 Huttenus.

214 2535 280 2596 iam
291 2534 414 2596 horest
428 2532 523 2597 eliud.
552 2535 634 2597 Num
644 2531 760 2617 quibus
782 2528 866 2593 oculi
886 2532 978 2592 eratis
990 2529 1174 2614 aliquando,
1203 2563 1214 2580 ·-

141 2634 164 2697 ii
184 2645 262 2696 tune
294 2631 444 2696 carebant
472 2633 573 2696 oeulis
601 2633 663 2716 ipsi
684 2630 841 2714 propriis,
870 2651 970 2714 quare
992 2630 1084 2696 vobis
1105 2644 1176 2695 ute·

139 2736 276 2809 buntur,
313 2733 580 2807 accomodatitiis3
614 2754 701 2797 nune
732 2731 861 2795 invente
891 2733 1062 2806 medicine,
1098 2733 1175 2796 nihii

140 2857 223 2920 opus
235 2835 352 2899 iubent
365 2834 491 2908 alienis,
513 2854 589 2897 suos
609 2832 670 2898 sibi
689 2834 901 2896 restituerunt
921 2836 1033 2896 oeulos
1046 2834 1079 2896 in
1093 2836 1176 2898 sani-

138 2947 254 3012 tatem,
276 2932 381 3019 iisque
401 2945 546 2997 utuntur.

586 3024 717 3087 Bulla.

178 3120 182 3129 ’
214 3126 269 3190 Dii
282 3126 345 3202 isti,
366 3113 447 3188 niele
460 3122 622 3188 medicinae
634 3143 788 3209 perquam
802 3123 943 3206 hospitio
957 3125 1175 3207 prohibemur,

139 3239 172 3291 et
190 3226 311 3291 auxilio
333 3224 545 3288 destituimur.
1169 3214 1176 3239 ²

534 3332 757 3405 liuttenus.
1057 3394 1059 3398 ,

218 3430 273 3497 Dii
293 3431 428 3516 pessime
448 3429 506 3494 tibi
520 3431 676 3514 flagitium
688 3433 807 3509 Buliae,
829 3453 898 3516 quae
921 3432 1039 3517 quibus
1055 3455 1178 3499 nocere

140 3555 251 3618 puras,
272 3534 311 3596 ab
330 3532 369 3596 iis
388 3531 469 3613 petis
488 3530 679 3614 hospitium,
698 3543 731 3595 et
748 3530 812 3615 jam
831 3553 880 3609 me
899 3545 1055 3614 presente
1074 3536 1172 3599 audes
1202 3546 1209 3553 '

140 3635 233 3701 bonis
256 3633 456 3714 maledicere,

146 3768 159 3801 r
588 3724 722 3789 Bulla.
823 3785 827 3797 ,

214 3824 317 3908 igitur
336 3834 372 3885 ut
392 3823 500 3887 videas
530 3822 665 3909 aliquam
691 3845 761 3889 esse
782 3845 849 3900 me,
868 3825 955 3910 ,quis
978 3842 1012 3892 tu
1032 3849 1066 3893 es
1095 3853 1165 3912 per,
1211 3890 1225 3902 ,,

18 3976 23 3985 ,
140 3947 237 4013 quem
256 3922 415 3990 nonlicet
435 3921 512 3986 mihi
523 3919 656 4002 iliceto,
677 3925 768 4010 quod
787 3926 874 3989 volo.

542 4034 759 4098 Huttenus.

214 4132 245 4196 is
265 4153 353 4210 sum,
373 4134 480 4217 quite
500 4134 658 4210 verbero,
677 4136 750 4215 hem
768 4132 845 4198 tibi!
880 4198 883 4204 Δ

586 4243 718 4307 Bulla.

216 4337 292 4401 Peri
311 4340 429 4417 miser,
459 4341 529 4424 peri
548 4353 597 4406 ter
618 4356 817 4429 quaterque,
844 4344 966 4407 Buiirm
985 4348 1040 4428 qui
1060 4334 1179 4433 tangis,

141 4439 294 4505 suadente
316 4440 472 4506 Diuboio!
493 4446 669 4527 Anathernp
683 4457 771 4524 esto,
801 4447 917 4509 iterum
929 4456 1025 4529 atque
1040 4447 1174 4511 iterum!
