2618 5108
446 754 449 759 ·
491 732 805 808 Exhortatorium.

136 928 208 983 Hoc
224 933 323 981 tanren
346 927 503 983 obstantes
523 927 699 984 instructior
717 927 775 984 ibis
793 930 824 984 in
840 931 966 988 hostes:

242 1021 404 1076 Materiam
424 1038 536 1076 nomen
557 1038 636 1093 saepe
654 1022 773 1078 timoris
796 1024 898 1082 habet.

135 1113 188 1168 sic
206 1115 290 1168 ferus
308 1115 456 1168 Ausonias
475 1116 554 1168 lama
572 1115 664 1186 quatit
681 1114 851 1172 Hannibal
867 1118 977 1187 urbes,

241 1208 290 1261 Sic
312 1208 417 1277 Trojae
439 1210 539 1262 fueras
557 1218 683 1278 quantus
699 1209 826 1264 Achille
845 1211 957 1267 timor?

137 1299 188 1355 Sic
207 1300 242 1354 ad
259 1302 446 1356 Alexandri
464 1284 628 1356 timuerunt
645 1302 767 1356 nomina
785 1312 909 1372 gentes,

244 1395 381 1449 Nomine
400 1396 443 1449 sic
463 1396 570 1462 etiam,
588 1396 699 1468 Scipio
719 1397 806 1451 fortis
825 1406 899 1451 erat.

138 1488 187 1543 Te
206 1506 350 1559 quoque,
368 1506 406 1542 ne
425 1488 624 1557 dubita,jam
643 1506 724 1542 nunc
742 1490 828 1544 timet
849 1491 903 1544 ista
921 1489 1072 1545 malorum

245 1583 421 1649 Colluvies3
441 1583 555 1654 duplex
576 1599 663 1636 causa
682 1583 798 1637 timoris
816 1592 891 1639 erat.

136 1675 251 1730 Martia
270 1673 434 1746 pugnantes
452 1675 622 1729 animabant
642 1692 723 1728 arma
746 1676 916 1745 Camoenae,

243 1767 311 1823 Nec
330 1770 428 1823 minus
447 1769 504 1822 hac
534 1768 583 1823 illa
602 1779 684 1839 parte
704 1769 852 1824 timendus
874 1788 950 1826 eras.

138 1861 276 1932 Adspicis
296 1872 324 1916 ct
344 1872 454 1933 quanto
475 1861 526 1916 tibi
546 1879 627 1916 nunc
645 1863 799 1933 adplaudat
816 1863 958 1932 honore,

244 1956 283 2010 Ut
301 1955 401 2025 pingat
420 1956 519 2009 vultus
539 1956 631 2026 patria
650 1964 752 2009 nostra
771 1965 852 2012 tuos.

138 2048 282 2102 Fortibus
302 2050 457 2104 Huttenus
475 2058 532 2103 stat
551 2048 783 2119 conspiciendus
803 2049 831 2102 in
851 2049 959 2117 armie;

243 2142 301 2197 Est
319 2141 407 2195 etiam
427 2142 510 2195 vultu
528 2143 605 2212 picta
624 2141 732 2195 tabella
751 2143 865 2196 minax.

139 2235 226 2290 Ande
246 2235 352 2303 igitur,
373 2251 520 2304 generose
539 2234 627 2287 animi
647 2252 738 2305 quern
757 2236 909 2306 spreveris
927 2236 1068 2305 hostem,

243 2329 395 2397 Vincere,
415 2346 473 2382 nec
493 2328 579 2382 differ
597 2328 716 2398 longius
734 2328 806 2383 illud
826 2346 913 2401 opus.

138 2420 280 2477 Muneris
299 2424 379 2489 hoc,
398 2422 471 2475 mihi
491 2422 603 2490 crede,
623 2423 663 2475 tui
685 2431 747 2489 est,
764 2440 822 2476 nec
841 2423 956 2490 dignius
976 2424 1071 2478 ullum

245 2516 292 2570 Te
312 2516 385 2583 fuit,
405 2516 467 2569 hoc
487 2514 580 2569 debes
597 2516 694 2583 velle,
717 2515 867 2586 probare,
890 2517 986 2586 sequi.

140 2607 265 2665 Grande
284 2611 486 2663 rudimentum
500 2609 565 2677 jam
583 2609 716 2675 dudum,
736 2610 891 2678 Hutlene,
910 2609 1034 2678 dedisti,

245 2702 312 2758 Nec
331 2704 397 2757 leve
416 2719 472 2772 pro
496 2702 596 2756 fratria
613 2704 738 2756 'vulnere
758 2703 872 2756 fulmen
893 2719 970 2757 eraa.

140 2794 260 2850 Horum
285 2796 355 2867 quid
374 2796 503 2866 patimur
521 2813 647 2864 regnum
666 2796 788 2850 crudele
806 2805 852 2850 tot
872 2799 994 2851 annos?

244 2888 376 2942 Romula
394 2889 569 2945 Germanos
586 2889 656 2960 quid
674 2898 764 2944 vorat
785 2890 850 2943 aula
867 2890 970 2945 lares?

138 2983 240 3055 Atque
269 2983 380 3037 utinam
415 3000 477 3037 non
506 2981 542 3037 ad
572 2982 671 3036 rivum
700 2983 863 3051 deglubere
895 2992 1039 3055 pergant,

246 3075 329 3148 Quas
347 3075 462 3146 placide
483 3076 618 3131 Christus
641 3093 765 3148 pascere
778 3077 868 3147 jussit
886 3094 971 3137 oves.

137 3168 262 3240 Nempe
282 3170 454 3222 doleremus
471 3170 566 3224 multo
584 3170 702 3240 minus,
721 3169 846 3242 istaque,
865 3188 930 3243 quaa
951 3190 1032 3229 nunc

245 3262 377 3316 Vulnera
395 3280 500 3332 magna
518 3273 644 3330 necant,
682 3282 774 3336 parva
799 3267 922 3320 ferenda
940 3268 1049 3322 forent.

138 3357 234 3415 Nunc
253 3374 315 3410 non
335 3358 496 3410 detondent
514 3365 647 3425 tantum,
665 3358 717 3412 sed
736 3376 870 3431 corpore
892 3368 958 3414 toto

247 3450 400 3525 Quicquid
418 3432 493 3504 ineat
511 3449 570 3504 vivi
589 3452 739 3520 sanguinis
757 3470 848 3506 omne
867 3453 997 3508 trabunt.

143 3544 246 3619 Quare
267 3561 338 3612 age,
359 3551 406 3599 tot
423 3544 532 3615 pudeat
552 3543 625 3597 tales
646 3544 789 3600 tolerasse
810 3563 997 3618 perennes,

245 3637 411 3691 Extremus
428 3639 527 3708 pudor
547 3647 592 3691 est
609 3638 748 3709 qualibus
767 3654 833 3693 esso
852 3655 950 3711 pares.

145 3733 260 3786 Adsere
279 3748 477 3802 suppressum
496 3732 597 3803 patriae
614 3730 733 3786 virtutis
750 3733 925 3789 honorem:

248 3826 332 3900 Quas
351 3827 422 3878 dare
444 3840 514 3896 epea
533 3825 646 3894 audes,
665 3826 733 3893 fac,
751 3843 881 3897 precor,
901 3833 1071 3883 reseratas.

144 3921 213 3978 Hoc
231 3931 300 3977 tuus
324 3921 371 3974 ille
392 3920 480 3973 animi
499 3919 605 3989 vigor,
625 3930 654 3974 et
671 3919 798 3989 genitiva
817 3920 992 3991 requirunt,

247 4015 416 4081 Nobilitas,
433 4013 547 4082 virtus,
565 4012 660 4082 gloria
670 4053 679 4081 ,
698 4015 796 4082 fama,
816 4012 899 4067 tides.

144 4112 262 4183 Meque
284 4111 331 4164 ser
350 4110 433 4176 lraec,
454 4107 544 4162 alacri
565 4125 622 4162 ceu
640 4107 764 4162 classica
780 4123 879 4174 voco,
898 4112 1074 4174 canentem,

251 4204 319 4278 Qua
336 4204 400 4257 sola
420 4202 504 4273 potui
523 4212 606 4274 parte
622 4202 727 4256 venire
746 4201 810 4256 tibi.

145 4303 246 4372 Atque
268 4299 379 4352 utinam
398 4297 503 4365 liceat,
525 4297 669 4367 quoniam
687 4296 779 4362 libet,
809 4309 875 4348 esso
895 4291 924 4345 in
945 4289 1059 4345 eisdem

250 4391 406 4460 Partibus,
425 4389 457 4445 in
475 4406 548 4464 quas
566 4397 595 4446 te
611 4401 714 4448 nostra
736 4391 878 4446 Camoena
896 4393 996 4443 vocat.
