2618 5108
1191 638 1223 709 ai

278 763 280 767 ·
344 732 518 807 adversus
544 733 968 839 adsperginestutteni.
1008 712 1011 718 Ι
1093 737 1165 819 5432

150 920 251 1000 dicat,
277 943 340 1007 ego
359 936 474 987 tantam
493 926 654 987 vafriciem
675 927 715 988 de
734 928 861 992 homine
881 927 1041 992 Germano
1066 928 1168 1011 'suspi-

151 1024 215 1084 cari
248 1045 312 1085 non
344 1025 445 1106 potui.
496 1028 564 1087 Ncc
594 1046 698 1087 meum
722 1037 789 1089 erat
807 1040 970 1108 praestare,
997 1030 1096 1112 qualis
1115 1032 1167 1092 ille

149 1123 365 1205 postfuturae
386 1136 486 1200 esset,
513 1147 579 1187 non
607 1125 706 1205 magis
732 1127 892 1205 prolecto,
925 1148 1019 1212 quam
1044 1118 1167 1191 efficere

146 1224 257 1304 potui,
279 1247 320 1287 ne
331 1227 489 1287 Huttenus
503 1227 594 1300 milii,
616 1226 661 1286 sic
680 1228 821 1290 laudatus
837 1231 964 1292 antchac
981 1241 1012 1311 et
1026 1224 1166 1291 laudatus

151 1342 193 1384 ex
223 1331 343 1401 animo,
375 1326 456 1402 talis.
474 1327 639 1402 evaderet,
674 1330 797 1408 qualem
828 1350 862 1390 se
890 1331 1026 1392 declarat
1055 1329 1087 1391 in
1106 1331 1167 1391 hoe

144 1423 274 1500 libello,
308 1424 363 1506 qui
390 1426 466 1486 nulli
492 1426 578 1487 bono
607 1447 672 1487 non
704 1427 857 1508 displicet.
906 1428 1064 1495 Caeterum
1095 1450 1168 1501 eum

151 1524 276 1588 Joanne
305 1524 409 1588 Fabro
439 1526 603 1588 Canonico
627 1527 860 1591 Constantiensi
890 1530 964 1591 milri
992 1522 1166 1593 intercessit

148 1626 297 1699 amicitia,
327 1627 509 1709 priusquam
536 1610 710 1688 Lutlrcrum
741 1641 848 1690 nosset
879 1630 979 1692 orbis.¹
1024 1631 1126 1710 Quod
1139 1628 1177 1705 si¹

146 1725 240 1787 velim
277 1728 423 1789 omuibus
455 1727 635 1789 renuntiare
660 1718 840 1804 amicitiara,
876 1729 931 1811 qui
961 1731 1167 1795 adversantur

147 1824 307 1900 Lutliero,
329 1827 385 1887 vix
403 1829 500 1888 ullum
519 1827 593 1887 milri
614 1828 768 1909 reliquum
792 1830 928 1891 facerem
947 1850 1072 1903 eorum,
1096 1828 1167 1911 qui·

147 1924 208 1985 bus
228 1946 290 2007 ego
307 1927 410 1987 debeo
431 1927 545 1988 omnia.
583 1928 711 2006 Scripsit
727 1930 776 1989 ille
792 1930 904 1991 librum
925 1930 957 1990 in
976 1930 1166 2002 Lutherum3

148 2034 179 2085 at
208 2046 273 2085 non
299 2025 422 2104 scripsit
450 2012 498 2090 me
527 2028 708 2108 impulsore.
759 2029 882 2091 Verum
908 2029 1076 2111 aliquando
1097 2026 1164 2089 dixi

149 2122 264 2185 librum
293 2125 377 2186 illum
407 2127 552 2189 omnibus
581 2128 695 2193 merdis
724 2131 977 2207 pcrcacandum,
1012 2128 1076 2208 Qui
1101 2130 1163 2190 hoc

148 2224 259 2286 detulit
283 2227 443 2302 Hutteno,
477 2227 543 2306 ipse
563 2229 708 2290 nimirum
728 2240 775 2291 cst
794 2229 938 2291 omnibus
957 2228 1072 2296 merdis
1092 2248 1163 2307 per·

147 2326 314 2386 cacandus.
358 2329 438 2389 Nam
463 2351 500 2390 ca
526 2350 592 2389 vox
613 2350 673 2390 nec
702 2329 806 2391 audita
835 2329 909 2391 milri
940 2339 987 2388 est
1016 2350 1057 2390 ex
1084 2349 1165 2410 quo·

148 2446 257 2508 quam;
279 2448 337 2487 ucc
356 2427 431 2490 mihi
450 2450 590 2511 nuspiam
608 2432 658 2490 vcl
678 2431 710 2491 in
728 2431 845 2492 somnis
861 2430 948 2491 venit
968 2429 1001 2490 in
1019 2441 1165 2492 merrtem.
1249 2420 1254 2427 ’

148 2523 339 2588 Constantina
359 2529 573 2608 praefationem
591 2530 740 2591 duntaxat
752 2530 829 2608 legi3
851 2529 973 2590 laudavi
986 2528 1163 2609 scriptionis

146 2629 342 2690 modestiam.
392 2631 498 2692 Unum
527 2633 631 2691 locum
657 2629 736 2711 legi,
763 2651 829 2690 non
860 2628 998 2710 perlegi,
1035 2627 1070 2689 in
1096 2647 1162 2709 quo

146 2728 279 2802 refellit,
301 2731 389 2812 quod
411 2731 569 2792 Lutlrcrus
589 2730 771 2811 scripserat,
804 2749 888 2789 nunc
908 2728 1034 2789 demum
1054 2728 1162 2788 Romae

145 2827 307 2890 decretum
339 2850 424 2904 esse,
457 2831 573 2892 animas
604 2851 673 2891 esse
701 2830 906 2901 immortalem
934 2827 960 2889 is
984 2826 1065 2889 -mihi
1095 2846 1161 2890 non

144 2927 311 3008 displicuit.
371 2932 444 2992 Non
479 2953 549 2993 sum
583 2943 646 2992 tam
674 2931 856 3010 impudens,
895 2938 930 2988 ut
959 2926 1161 3007 pronuntiem

145 3031 185 3092 tle
218 3029 318 3103 libro,
353 3051 447 3112 quem
466 3052 531 3092 non
557 3031 761 3113 perlegerim,
791 3040 823 3092 et
848 3039 950 3091 tamen
969 3049 1034 3089 non
1059 3027 1161 3092 statim

142 3129 258 3210 probat
276 3130 469 3204 Lutlrcrum,
501 3132 552 3192 cui
577 3153 642 3193 non
667 3134 766 3210 placet
792 3130 872 3191 liber
902 3130 1053 3191 adversus
1072 3129 1159 3191 illum

143 3229 289 3308 scriptus.
339 3229 541 3292 Ludovicum
566 3233 684 3294 Berum
712 3243 744 3293 ct
776 3231 943 3293 candidum
968 3229 1101 3293 amicum
1127 3239 1158 3291 et

142 3328 242 3391 lidum
261 3338 427 3406 patronum
457 3329 568 3405 habui,
592 3332 679 3412 prius
700 3353 794 3415 qrtam
811 3330 843 3392 in
864 3330 943 3392 orbe
962 3342 1057 3392 notus
1075 3338 1157 3390 esset

140 3429 315 3492 Lutlrerus.
368 3431 413 3489 -Et
431 3432 515 3492 hunc
531 3434 682 3494 calculum
708 3433 789 3494 inter
813 3431 976 3492 felicitates
994 3448 1078 3489 meas
1096 3447 1156 3487 nu·

139 3550 240 3594 mero.
286 3532 342 3590 Est
372 3530 455 3591 enim
486 3531 588 3593 multis
618 3531 740 3594 eximiis
765 3530 944 3594 nominibus
965 3527 1156 3606 praecipuum

139 3629 234 3711 hujus
263 3630 351 3695 urbis
382 3643 614 3707 ornamentum,
646 3633 691 3693 sio
714 3641 850 3695 assertor
876 3653 938 3693 sua
959 3625 1153 3706 Theotmum,

140 3742 176 3792 ut
190 3742 292 3792 tamen
305 3753 413 3813 aequus
429 3733 468 3794 sit
481 3732 572 3792 bonis
588 3732 700 3807 literis,
718 3743 753 3794 et
763 3732 876 3814 quietis
889 3728 1011 3802 studia,
1029 3726 1154 3789 minime

137 3829 280 3903 infensus
319 3832 451 3913 negotio
482 3833 647 3914 Evangelii
675 3832 874 3904 restituendi,
899 3827 1023 3918 tainctsi
1052 3837 1153 3888 totum

137 3930 314 3993 Lutherum
354 3953 554 4013 nequaquam
587 3933 749 4013 approbat.
813 3930 910 4011 Quod
947 3929 973 3989 si
1005 3929 1150 3989 llutteno

136 4033 300 4093 (lecrctum
321 4043 384 4106 cst,
414 4031 569 4111 indignari
589 4033 748 4105 omnibus,
782 4030 836 4111 qui
858 4031 935 4089 ntale
955 4029 1093 4088 sentiunt
1111 4029 1150 4088 ‹le

136 4134 300 4206 Luthero‚
335 4153 432 4214 quare
463 4135 564 4194 solnm
593 4136 676 4195 hunc
697 4130 897 4213 perstrinxit,
930 4148 1001 4188 cum
1020 4127 1070 4188 hic
1089 4127 1151 4188 sint

136 4234 316 4296 innumeri?
349 4239 547 4317 Quamquam
565 4236 667 4296 Berus
687 4233 712 4295 is
733 4243 797 4305 est,
829 4230 885 4311 qui
908 4248 967 4292 nec
985 4224 1152 4289 benedicta

136 4332 271 4395 Lutheri
300 4335 470 4415 clamaret,
512 4334 774 4418 quemadmodum
803 4330 923 4392 faciunt
954 4325 1056 4398 multi;
1090 4343 1150 4388 nce
