2618 5108
96 764 100 769 ¹
192 788 274 875 tiit
394 798 420 868 ,ζ
467 742 956 895 π·.8ροηςίιᾙιώωί;.

195 981 383 1063 uspiam
408 1052 410 1057 ,
439 983 566 1050 Accidit
599 985 640 1049 ab
679 984 791 1049 eodan
832 992 907 1066 port
938 980 1088 1073 quiddam
1115 975 1217 1040 mutto

193 1081 352 1155 incivilius
373 1084 502 1151 acntai
527 1085 752 1167 periudoaiua,
784 1085 826 1148 de
844 1093 1034 1167 quo-tamen
1052 1095 1217 1160 nunquan

194 1184 413 1263 expostulem
444 1205 505 1248 nec
530 1185 632 1248 minus
657 1186 775 1248 amicus
793 1203 864 1247 esse
884 1183 978 1262 coepi,
1007 1183 1065 1244 sed
1091 1177 1216 1241 cantior

196 1301 268 1346 ease
286 1283 428 1349 decrevi.
448 1287 572 1367 -Quarn
591 1307 670 1361 vero
689 1306 755 1351 non
771 1284 869 1348 amice
884 1284 979 1359 iecit,
999 1283 1056 1365 qui
1067 1282 1214 1357 decerpta

195 1403 240 1452 ex
258 1382 442 1453 librismeia
460 1385 572 1447 odiosa
590 1387 660 1447 toea
678 1385 772 1448 vertit
793 1383 827 1448 in
847 1385 983 1468 linguam
998 1377 1214 1444 Germanicam

194 1493 229 1547 et
245 1483 430 1567 evulgauit?
454 1486 500 1547 At
516 1504 579 1567 ego
606 1483 658 1547 itta
682 1488 865 1567 vuigonon
886 1484 1085 1563 scripseram,
1107 1494 1214 1563 neque

195 1584 341 1649 volebam
369 1585 454 1647 nuda
485 1584 560 1667 legi.
616 1584 699 1648 Cum
725 1588 787 1649 hoc
814 1606 945 1669 quoque
973 1585 1080 1664 paucis
1107 1582 1215 1646 verbis

195 1704 263 1768 per.
280 1683 443 1766 epistulam
462 1685 661 1766 expostulavi
686 1686 719 1748 in
744 1689 825 1750 banc
841 1686 1047 1748 senitentiam:
1082 1682 1213 1759 „Audio

193 1784 258 1850 hoc
284 1786 339 1847 abr
368 1795 399 1847 te
424 1784 561 1860 factum,
596 1786 737 1849 fortassis
768 1787 825 1849 ista
861 1785 937 1849 tacis
966 1787 1066 1847 arnico
1097 1786 1214 1847 animo·

196 1885 256 1949 aed
285 1905 348 1968 ego
368 1885 512 1968 gaudeo,
532 1886 610 1955 meis
629 1885 760 1948 inimicis
785 1907 851 1948 non
870 1908 938 1949 esse
958 1897 1075 1948 tantum
1094 1883 1215 1962 ingenii

194 1984 244 2057 aa*
264 1986 464 2050 laedendum!
517 1988 586 2049 Hac
611 1985 865 2068 expostulatione
899 1978 1065 2048 contentus
1102 2004 1213 2063 passus

103 2104 108 2115 ’
196 2106 268 2149 sum
286 2108 412 2149 manere
443 2086 605 2167 pristinam
630 2086 805 2149 amicitiam.
853 2087 941 2165 Quot
965 2086 1059 2164 hujus
1085 2084 1213 2164 generis

194 2183 590 2250 tabutas-commemorare
619 2190 768 2268 possem!
804 2206 864 2249 nec
899 2185 953 2247 ulti
981 2197 1084 2247 tamen
1111 2185 1213 2245 adhuc

168 2285 374 2351 -renuntiavt
402 2285 584 2361 amicitiam,
618 2306 681 2367 ego
708 2287 758 2348 itte
788 2283 921 2348 incivilis
951 2296 983 2348 et
1014 2285 1211 2347 inhumanus.

195 2384 293 2465 Quod
322 2383 349 2446 si
380 2384 546 2466 quisquam
574 2385 758 2461 hujusmodi
782 2385 898 2447 iactum
924 2387 1020 2446 ultum
1038 2383 1113 2446 mihi
1132 2405 1210 2446 vere

194 2483 294 2565 possit
318 2482 513 2566 impingere,
534 2485 669 2560 fatebor,
689 2485 794 2548 omnia
814 2505 986 2560 assevero,
1007 2506 1076 2567 qua
1096 2485 1213 2545 caturn-

193 2581 297 2649 tu'atur
313 2585 482 2648 Huttenus.
519 2586 669 2651 Proferat
687 2587 782 2669 igitur
802 2587 869 2648 illos
886 2586 1019 2659 amicos,
1038 2582 1097 2665 qui
1118 2584 1209 2644 obte-

191 2693 273 2751 suu
292 2685 355 2748 fide
376 2684 450 2749 mihi
469 2687 632 2766 perfidiam
653 2686 824 2765 objiciunt3
856 2697 887 2748 et
913 2685 1004 2747 facite
1025 2683 1068 2744 illi
1096 2704 1132 2744 os
1153 2681 1212 2742 ob·

193 2785 321 2851 iurabo.
370 2786 512 2866 Quodsi
532 2788 762 2868 permitterem,
789 2786 914 2869 quidvis
934 2787 974 2847 de
995 2786 1138 2846 Hutteno
1157 2804 1212 2845 su·

194 2886 323 2966 apicati,
356 2887 621 2970 quemadmodum
646 2887 706 2949 sibi
732 2885 901 2967 permittit,
936 2885 1061 2968 quidvis
1081 2880 1150 2945 vitii
1168 2881 1210 2944 de

193 3006 246 3050 nae
263 2989 465 3063 confirmare,
487 2988 674 3068 suspicarer,
694 2986 775 3048 itlius
790 3007 858 3049 esse
877 2996 1104 3057 commentum,
1126 3001 1209 3065 quo·

195 3085 255 3148 ties
264 3086 326 3147 ait:
348 3089 500 3167 „Quidam
518 3088 642 3162 dicont;
661 3087 767 3149 audivi
786 3089 818 3149 in
835 3087 959 3148 Gallia.“
999 3085 1085 3165 Quin
1104 3080 1206 3146 addita

195 3185 417 3259 ,somniavii’“
439 3187 565 3250 Tribuit
581 3186 655 3250 mihi
675 3186 781 3270 gloriae
799 3189 949 3269 iamaeque
969 3187 1049 3248 sitim
1067 3183 1209 3264 inexple-

194 3285 301 3355 bilem.
346 3286 385 3348 ld
412 3285 439 3349 si
467 3308 578 3350 verum
605 3299 706 3367 esset,
746 3286 808 3367 jam
826 3286 908 3348 olim
936 3307 986 3348 me
1017 3283 1208 3348 addixissent

176 3387 344 3452 'Romanas
365 3385 481 3449 Curia.
521 3387 722 3451 offerebatur
741 3388 851 3467 ingens
872 3385 979 3468 gloriae
998 3405 1101 3466 seges.
1138 3383 1208 3447 Ad·

193 3487 387 3553 miscuissem
411 3508 459 3549 me
484 3489 560 3551 auiae
581 3486 745 3564 Caesarem,
782 3507 933 3570 quonon
959 3487 1055 3549 semel
1074 3493 1207 3545 vocatus

170 3611 275 3668 ¹aum.
323 3590 525 3671 Accepisscm
552 3588 695 3652 fortunas
722 3609 759 3653 ac
785 3588 966 3671 dignitates,
994 3609 1065 3669 quaa
1092 3586 1208 3647 offere·

194 3691 318 3755 bantur.
368 3690 565 3772 Delegissem
583 3700 766 3772 argumenta
784 3688 947 3771 magnifica
967 3707 1004 3749 ac
1022 3683 1208 3767 plausibilia.

195 3792 305 3867 Nune,
330 3791 479 3854 recusatis
498 3789 698 3870 pertinaciter
717 3790 781 3867 his,
812 3811 882 3872 quse
900 3787 1057 3870 gloriosos
1076 3783 1209 3860 iaciunt,

193 3891 366 3975 inglorium
384 3892 484 3955 otium
500 3890 658 3954 mordicus
678 3901 789 3967 teneo,
811 3902 843 3952 et
860 3890 894 3952 in
914 3887 961 3953 his
981 3906 1094 3948 versor
1111 3906 1208 3965 argu·

194 3993 323 4070 nentis,
350 4014 420 4076 quaa
445 3992 605 4055 minimum
625 3992 740 4054 habent
761 3987 988 4054 ostentationis.
1025 3989 1104 4049 Nam
1124 3987 1207 4049 Hot-

195 4105 298 4171 mnus,
318 4095 444 4177 opinor,
464 4115 567 4157 meum
580 4093 713 4157 animum
726 4114 767 4161 ex
782 4114 842 4156 suo
856 4090 997 4164 metiens,
1017 4109 1083 4149 non
1096 4086 1207 4148 credet

194 4194 367 4278 dejeranti,
402 4213 453 4256 me
490 4194 680 4274 perlibenter
711 4193 773 4256 hoc
804 4191 955 4275 quicquid
987 4189 1089 4254 habeo
1116 4185 1206 4249 samaa

195 4296 430 4379 depositurum,
448 4296 476 4360 si
493 4295 612 4359 liceret.
635 4297 740 4379 ¹Quod
759 4294 784 4357 si
803 4293 930 4356 scissem
949 4291 1033 4364 otini,
1055 4297 1207 4371 quantum

195 4420 275 4464 onus
294 4399 335 4473 sit
362 4400 461 4476 tuna,
495 4409 649 4483 sequunn
679 4399 811 4464 fuissem
839 4389 1093 4473 illudEpicuria
1131 4391 1206 4453 aava
