2618 5108
142 1219 196 1291 Ad
223 1240 287 1311 ea,
316 1229 500 1314 quaesunt
522 1241 567 1293 ex
582 1218 746 1294 secunda
759 1216 902 1293 Erasini
921 1218 969 1293 ad
981 1216 1161 1296 lectorem

551 1357 727 1456 Epistola.

540 1562 766 1584 μ

140 1732 341 1794 Erasmus.
379 1694 506 1804 Mors,
536 1748 607 1807 qua
625 1728 774 1792 miserum
802 1736 851 1789 rot
869 1725 954 1791 malis
973 1723 1163 1790 vel‘exemil

108 1834 114 1846 '
142 1827 351 1912 urgentibus,
372 1828 424 1890 vel
442 1827 594 1890 subduxit
613 1826 857 1892 imminentibus.

218 1926 329 1991 otto.
366 1927 442 1988 Hae
460 1927 546 2008 apud
566 1937 619 2005 le,
644 1938 739 2010 alque
757 1938 831 1991 tuos
850 1925 984 1990 maxima
1003 1936 1051 1990 est
1069 1924 1163 2009 igno·¹

141 2025 255 2102 minis,
293 2025 339 2087 sic
365 2025 452 2087 naalia
478 2025 591 2107 affligi,
626 2038 660 2090 el
688 2027 835 2090 miserum
853 2047 923 2091 csse
949 2025 983 2089 in
1009 2028 1067 2090 hac
1085 2026 1163 2104 vila,

141 2125 262 2189 versari
278 2123 310 2187 in
329 2125 424 2188 variis
439 2123 597 2205 periculis,
618 2126 788 2191 csse-sicut
802 2147 897 2191 ovem
912 2126 1080 2191 occisionis
1095 2136 1164 2191 tora

141 2227 212 2299 ‹lie3
242 2225 326 2306 apud
357 2245 417 2287 nos
444 2245 523 2287 aero
542 2246 663 2288 summa
696 2226 828 2290 felicitas
854 2236 914 2290 cst.
951 2229 1060 2310 Atque
1085 2228 1162 2292 ideo

141 2326 263 2391 baalam
282 2324 413 2387 dicimur
430 2315 582 2397 inonems
612 2347 683 2410 qua
708 2325 852 2390 dissolvit
877 2336 911 2391 at
927 2326 1083 2391 lucrifacit
1100 2348 1163 2393 noa

142 2413 289 2488 christo:
310 2424 419 2487 beatos
438 2443 607 2502 vocamus,
628 2425 685 2510 qui
702 2427 913 2492 haereditatem
927 2428 1007 2491 hanc
1022 2426 1161 2493 filiorum

143 2535 394 2608 carnequuntur.

217 2627 417 2688 Erasmus.
465 2624 593 2688 Libello
622 2627 847 2710 sycophantiae
872 2636 993 2690 lantum
1022 2627 1160 2706 invidio,

141 2736 327 2808 tantumque
348 2725 425 2788 labis
444 2724 642 2805 conciliaret,
661 2739 728 2790 tum
749 2726 826 2803 sibi,
852 2726 1029 2799 lunabonir
1050 2727 1160 2806 literis,

140 2836 224 2888 lum·
243 2827 376 2909 negorio
418 2824 640 2907 Evangelia,
677 2837 746 2890 tum
784 2825 976 2891 Germanico
1018 2825 1164 2913 deniquo

140 2925 271 2991 nomini.

217 3027 324 3090 Otlo.
352 3024 448 3105 >Quid
467 3046 552 3090 vvero
564 3025 740 3109 Evangelio
762 3037 794 3089 et
810 3025 908 3092 literis
929 3038 962 3089 et
985 3025 1161 3092 Germania

139 3146 213 3189 cnm
232 3137 336 3188 vestra
361 3127 535 3207 tragoedia?
564 3127 673 3190 Veluti
691 3148 787 3191 nemo
813 3128 854 3192 sil
872 3129 1003 3209 posthac
1020 3131 1161 3192 leolum

139 3225 286 3289 meliores
316 3224 436 3318 lileras,
468 3246 563 3288 nemo
587 3229 817 3292 auscultaturus
838 3229 1032 3312 Evangelio,
1062 3247 1159 3292 nemo

139 3326 266 3388 iuturus
287 3323 412 3406 integer
431 3326 622 3402 Germanus,
654 3327 729 3411 quia
747 3348 841 3392 ausus
860 3339 908 3390 est
931 3330 1028 3392 semel
1045 3325 1158 3412 aliquis

139 3424 173 3488 in
192 3424 309 3487 lacicrn
328 3425 476 3488 resistere
495 3425 570 3502 libi,
591 3436 624 3488 et
643 3448 796 3510 arguere,
828 3428 917 3512 quod
936 3430 976 3490 ad
996 3427 1163 3490 veritatem

139 3527 310 3608 Evangelii·
324 3547 391 3589 non
411 3537 498 3590 recle
518 3526 664 3589 ambulas.
703 3529 755 3590 An
773 3548 838 3589 non
852 3540 884 3591 et
896 3527 1013 3591 Paulus
1027 3527 1160 3590 Pclruns

138 3616 358 3708 reprehendil,
390 3627 489 3710 idque
508 3625 542 3688 in
560 3626 642 3688 iacic
661 3627 756 3689 lolius
778 3626 952 3690 Ecclesia?
979 3626 1013 3689 si
1034 3627 1077 3689 ol)
1095 3629 1162 3690 hoa

139 3731 331 3806 sycophanta
351 3728 408 3791 tibi
428 3738 496 3802 est,
525 3737 630 3789 tamon
661 3726 737 3788 nulli
756 3725 843 3790 bono
863 3737 927 3803 erl,
952 3737 984 3788 el
1003 3726 1059 3810 qui
1078 3725 1159 3789 inta-

140 3828 283 3907 grilalcrn
303 3829 438 3893 hominis
457 3838 628 3890 noverunt.
666 3827 864 3908 Evangelico
882 3826 1015 3907 riegolio
1035 3825 1081 3890 sic
1099 3826 1160 3890 ob·

138 3926 214 4000 fuit,
243 3937 277 3988 ut
300 3927 461 3990 videamus
481 3930 542 3989 hoc
568 3947 653 3990 nissae
679 3925 712 3988 in
732 3937 801 3989 toto
825 3925 904 3988 orbe
931 3927 1066 4003 florere,
1098 3949 1157 3990 vo·
1210 3914 1212 3919 ¹

138 4028 273 4089 lenlibns
295 4027 473 4088 nolentibus
490 4027 628 4106 tyrannis
642 4026 799 4098 omnibus.
838 4026 1028 4090 Germanico
1052 4039 1156 4093 aulem

139 4126 258 4189 nomini
278 4125 396 4188 ulinam
422 4146 516 4188 nemo
536 4126 576 4189 sit
601 4127 742 4190 illaturus
762 4127 891 4206 posthac
908 4125 1062 4206 majorem
1080 4149 1157 4190 con·

138 4227 311 4302 misellam,
342 4224 467 4302 atejus
495 4226 681 4310 inlagrilalis
709 4237 741 4287 et
768 4223 879 4306 judicii
908 4238 1013 4290 essem
1046 4247 1156 4290 omncs

139 4330 262 4411 aquilos
301 4328 461 4391 Germani.
522 4329 683 4392 Lulhenaa
719 4326 990 4392 vehementissime
1032 4345 1157 4409 semper
