2618 5108
513 86 517 103 Ι

511 110 516 125 t

510 134 515 147 ι

499 176 506 191 Ι

455 264 465 277 ι
520 270 538 277 .-

133 762 211 840 dtt
478 752 646 867 ¹Spongia
668 764 812 842 Erromi

140 953 343 1018 concordiam
363 965 396 1018 et
413 976 522 1040 pacem
541 959 680 1021 sarciunt
690 974 703 1024 ε’
733 959 789 1043 qui
817 979 884 1023 non
909 956 1024 1040 jactant
1042 953 1166 1038 morito

140 1066 231 1134 suas,
264 1056 389 1118 taudem
418 1067 586 1134 venantes,
613 1062 664 1122 vet
689 1080 730 1122 ex
749 1058 938 1134 malefactis,
968 1058 1020 1118 rei
1038 1076 1080 1116 ex
1100 1054 1162 1131 his,

139 1180 212 1244 quaa
231 1178 297 1220 non
312 1168 480 1240 gesserunt
498 1158 580 1240 ipsi,
601 1163 658 1223 sed
671 1179 797 1223 omnem
816 1158 908 1223 etiam
919 1155 1164 1220 benefactorum

141 1258 274 1349 gloriam
286 1257 479 1320 transierunt
493 1258 526 1321 in
540 1259 717 1323 Christum:
737 1258 765 1321 si
784 1279 866 1343 quos
883 1256 992 1333 novit,
1017 1255 1161 1338 inquam,

138 1357 323 1439 hujusmodi
342 1357 484 1420 moribus
503 1378 580 1421 vere
592 1357 792 1442 Evangeiicis
811 1354 975 1441 praeditos,
995 1375 1162 1417 common·

141 1468 235 1535 suet,
272 1467 304 1520 ct
328 1457 454 1520 habebit
483 1478 535 1519 me
564 1459 712 1521 sodalem.
764 1460 841 1521 Nam
866 1477 929 1539 ego
958 1457 1162 1517 Lutheranoa

139 1558 256 1634 rideo,
286 1558 497 1640 Evangelicos
535 1569 589 1620 aut
618 1560 721 1622 nullos
754 1569 807 1622 aut
844 1558 1163 1636 admodum-paucos

138 1660 248 1723 uideo.
286 1658 329 1723 Ut
349 1657 446 1740 igitur
463 1679 529 1722 non
555 1678 706 1723 semoaeo
733 1658 772 1721 ab
791 1657 924 1720 amicitia
943 1678 1015 1719 anca
1033 1656 1162 1730 doctos,

140 1760 196 1844 qui
216 1761 378 1823 moderate
408 1770 440 1822 et
466 1779 537 1821 curn
556 1759 677 1840 judicio
703 1760 810 1821 favent
839 1759 1001 1832 lantberto,
1030 1756 1071 1819 ita
1098 1774 1163 1817 nee

139 1863 236 1924 attera
263 1882 305 1924 ex
334 1870 421 1942 parte
455 1860 600 1935 desino..
616 1881 672 1922 eos
706 1858 821 1921 habere
854 1859 991 1934 amicos,
1019 1858 1074 1941 qni
1103 1857 1160 1938 pio

139 1962 268 2038 studio,
295 1973 418 2025 etcum
437 1959 557 2041 judicio
577 1961 738 2022 moderate
759 1959 936 2022 Luthcrum
956 1962 1161 2021 insectantur.

138 2062 265 2126 Etenim
285 2061 448 2125 uidemus
468 2062 525 2123 hos
545 2083 652 2124 errare
671 2057 810 2140 judicio,
838 2071 941 2127 tamen
961 2058 1090 2121 affectus
1112 2068 1162 2120 est

138 2162 229 2251 pius,
261 2183 332 2223 cum
351 2182 536 2242 persuasum
555 2163 704 2235 habeant,
735 2183 793 2242 per
817 2162 950 2223 Luthesi
980 2158 1159 2221 doctrinam

137 2261 319 2326 innumeras
351 2260 468 2323 animas
504 2262 620 2343 perire.
678 2265 719 2324 Et
744 2272 845 2323 tamen
871 2282 929 2341 per
957 2261 1160 2324 occasionem

137 2372 295 2442 utrosque
321 2379 455 2423 moneo:
515 2361 542 2423 si
574 2361 647 2423 mihi
681 2362 845 2424 videantur
870 2362 1060 2423 addictiores
1093 2382 1159 2422 su·

162 2457 230 2522 arti.
279 2461 391 2543 Neque
423 2459 506 2522 euim
532 2462 582 2523 hic
608 2461 784 2525 institutum
813 2474 860 2525 est
889 2461 1159 2544 pronuntiaretis

138 2483 302 2634 {utherm
328 2560 384 2624 scd
399 2561 533 2623 Huttcni
553 2563 712 2624 calumniis
732 2565 936 2644 respondere.
974 2561 1059 2640 Quid
1085 2581 1160 2626 anea

58 2686 60 2691 ·
139 2659 240 2724 civilia
259 2660 391 2722 amicitia
413 2672 507 2723 nocet
521 2661 690 2743 bothero?
712 2663 866 2727 Fortassis
887 2661 1001 2724 alieubi
1014 2662 1159 2742 prodest.

138 2763 349 2826 Reverendus
368 2760 464 2823 Pater
482 2763 632 2838 Joannes‚
652 2764 829 2843 Episcopus
841 2762 1011 2837 Roffensis,
1031 2761 1162 2843 scripsit

137 2863 251 2946 ingens
272 2865 419 2925 volumen
450 2862 482 2925 in
505 2863 689 2925 Luthcrum.
736 2864 805 2926 Jam
825 2864 898 2925 olim
917 2885 992 2925 usus
1012 2884 1081 2924 sum
1103 2862 1158 2925 itio

138 2964 227 3038 νίτο,
249 2973 280 3025 et
297 2962 448 3045 singulari
463 2963 581 3038 arnico,
604 2973 635 3022 ct
653 2962 903 3027 constantissimo
918 2976 1064 3042 patrono.
1104 2965 1160 3028 Aa

139 3061 263 3142 jubebit
280 3065 450 3138 Huttenus‚
470 3074 504 3124 nt
523 3061 566 3128 itti
586 3063 767 3124 denuntiem
785 3063 987 3138 inimicitiam,
1008 3063 1083 3145 quia
1102 3065 1160 3128 sti·

138 3158 202 3226 ium
222 3162 304 3223 acuit
328 3162 359 3223 in
380 3162 578 3226 Lutherum?
611 3161 692 3226 Cum
720 3164 851 3225 eruditis
881 3163 983 3226 ferme
1009 3166 1158 3230 omnibus

139 3262 213 3326 mihi
241 3264 461 3324 intercesserat
490 3262 641 3335 amicitia,
674 3274 745 3324 ante
773 3264 950 3326 Lntherum
980 3266 1157 3345 cognitum.

135 3367 191 3427 Ex
218 3362 266 3426 his
294 3360 420 3444 quidam
445 3373 518 3441 post
545 3375 707 3444 coeperunt
741 3365 850 3427 favere
877 3365 1033 3428 Luthero.
1080 3368 1157 3431 lton

138 3465 213 3529 ideo
238 3461 416 3527 renuntiavi
441 3465 487 3525 eis
513 3464 675 3525 amicitiam
705 3464 839 3527 civitem.
888 3465 1159 3545 Quidam'mutati

139 3579 212 3629 sunt
235 3585 319 3627 nunc
338 3585 447 3645 parum
466 3564 549 3625 hene
568 3565 608 3627 de
628 3567 771 3627 Luthero
792 3566 980 3640 sentientes,
1001 3588 1060 3629 nec
1078 3567 1156 3632 ideo

139 3667 250 3730 desino
282 3665 399 3727 habere
428 3685 487 3745 pro
516 3664 632 3729 amicis.
683 3669 750 3728 Nec
775 3665 818 3728 ita
846 3689 897 3729 me
926 3668 1027 3743 libro,
1060 3680 1098 3730 ut
1116 3672 1158 3734 ad

138 3766 300 3829 victricem
326 3777 444 3844 partem
475 3768 628 3830 advolem.
675 3769 725 3827 Ex
752 3769 932 3830 Lutherana
960 3780 1049 3848 parte
1075 3771 1158 3853 quid

139 3880 202 3944 est,
224 3867 312 3951 quod
331 3887 458 3946 sperare
478 3868 613 3950 queam?
631 3869 728 3948 Quod
748 3870 842 3929 altera
860 3889 933 3951 pars
954 3871 1065 3945 offert,
1083 3891 1156 3952 quae

139 3980 245 4053 potest
273 3967 456 4050 plurimum,
500 3981 679 4030 constanter
716 3967 871 4031 recusavi.
925 3970 988 4032 Sed
1019 3975 1154 4036 consulo

84 4080 94 4103 ⁰
139 4069 239 4159 quieti
257 4091 353 4144 mesa,
383 4091 496 4152 tneque
520 4070 627 4153 quoad
657 4069 730 4130 licet
758 4068 915 4151 integrum
940 4092 1035 4133 servo
1043 4117 1052 4146 ‚
1086 4094 1154 4159 quo

139 4170 279 4254 pluribus
301 4191 413 4251 queam
437 4170 589 4251 prodesse
617 4190 675 4250 per
703 4160 916 4244 occasionem
946 4170 1072 4234 iuterim
1089 4174 1154 4236 sin·

138 4264 218 4334 ceris
243 4269 325 4332 votis
352 4268 600 4353 optoyigorern
625 4268 869 4351 Evangeticum‚
896 4281 928 4332 et
947 4271 1064 4335 Christi
1084 4276 1155 4355 giaf

138 4393 216 4436 nam
234 4392 292 4451 per
310 4369 493 4433 universum
516 4370 627 4434 orbem
656 4371 874 4447 efflorescere,
902 4373 943 4436 dc
967 4392 1019 4434 ms
1037 4372 1156 4437 viderit
