2618 5108
401 733 580 831 nauta.
603 734 788 836 onogia.
1034 738 1106 841 sos

93 927 245 993 infinitam
264 927 448 1010 potentiam,
480 927 629 1004 maxims
649 925 749 1004 vires,
768 946 925 1007 summum
942 927 1109 1012 imperium

95 1025 152 1110 qui
179 1026 262 1089 bcllo
288 1027 513 1108 superaverim.
557 1028 626 1090 Etsi
652 1026 755 1091 minus
773 1026 850 1091 nihil
869 1026 981 1104 velim,
1014 1050 1109 1112 quam

96 1126 226 1190 alienam
239 1127 427 1192 defraudare
446 1126 595 1208 gloriam,
615 1145 668 1191 aut
686 1148 791 1191 rerum
812 1128 851 1189 ab
871 1125 936 1190 istis
950 1139 1110 1211 gestarum

98 1227 211 1289 famam
232 1248 386 1308 premere.
430 1229 509 1290 Nam
531 1225 708 1310 aequissimo
729 1248 852 1309 semper
876 1226 978 1289 animo
997 1227 1107 1309 feram,

97 1337 232 1409 qupntus
262 1329 398 1410 quisque
429 1340 492 1405 est,
526 1339 644 1390 tantum
673 1326 781 1390 baberi
806 1327 844 1389 ab
874 1327 1033 1405 omnibus,
1067 1331 1109 1394 de

96 1418 212 1509 meque
226 1448 299 1489 cum
317 1428 432 1504 dicam,
452 1428 520 1489 sine
537 1428 655 1490 invidia
669 1427 788 1490 dicam:
815 1425 891 1489 Fuit
908 1428 968 1490 hoc
984 1450 1108 1511 semper

97 1525 236 1590 studium
262 1527 356 1603 milri,
387 1538 517 1608 propter
542 1548 577 1590 sc
607 1526 755 1590 uirtutem
777 1529 893 1590 colere.
937 1529 988 1591 De
1007 1531 1109 1613 gloria

96 1629 205 1691 curavi
234 1628 318 1690 haud
347 1630 486 1689 multum.
530 1628 655 1708 Quippe
687 1627 760 1691 satis
787 1647 856 1691 esse
885 1629 1108 1695 conscientiam

97 1727 187 1792 lactis
210 1727 396 1792 existimavi.
434 1730 547 1813 Neque
566 1749 649 1791 nunc
668 1729 782 1817 jamlea
797 1739 845 1792 est
859 1730 1052 1810 arrogantia,
1072 1741 1109 1795 ut

96 1851 161 1910 prae
180 1849 228 1891 me
247 1829 324 1892 alios
344 1830 451 1893 Duces
470 1841 683 1903 contemnam,
715 1849 775 1890 nec
792 1828 868 1891 illud
888 1827 1016 1910 quidem
1033 1829 1109 1894 mibi

97 1948 205 2003 sumo,
227 1938 262 1989 ut
281 1949 350 1991 esse
372 1931 489 1992 nullum
508 1951 559 1992 me
574 1926 771 2009 superiorem
791 1927 984 1991 contendere
1003 1930 1109 1994 velim.

97 2027 211 2090 Potius
235 2027 263 2090 si
283 2028 352 2111 quis
376 2039 440 2105 est,
468 2052 592 2112 aequum
618 2048 753 2103 censeo,
785 2037 821 2088 ut
847 2026 945 2109 ipsius
978 2050 1111 2114 quoquc

98 2126 248 2190 habeatur
277 2126 329 2190 bic
356 2128 448 2191 ratio.
486 2129 549 2192 Sed
568 2129 682 2212 dignus
707 2127 800 2191 venia
823 2148 908 2204 sum,
938 2127 965 2192 si
984 2148 1108 2208 eorum,

102 2229 159 2311 qui
188 2229 229 2292 de
264 2230 321 2291 bac
356 2230 449 2323 laude
477 2239 677 2292 certaverunt
701 2226 818 2305 adhuc,
850 2249 892 2290 ex
920 2228 1112 2294 conscientia

10 2354 18 2359 ·
102 2349 285 2411 negavero,
311 2328 366 2391 ulli
386 2350 404 2391 a
421 2349 471 2391 me
491 2328 624 2391 concedi
646 2339 806 2411 oportere.
842 2328 944 2412 quue
962 2329 1045 2392 haud
1063 2340 1110 2394 te-

101 2451 187 2492 mere
207 2429 324 2492 sentire
341 2451 391 2492 me
413 2431 591 2506 ostendam,
613 2428 641 2492 si
658 2427 786 2492 audient
803 2426 871 2505 isti,
890 2438 926 2491 ut
945 2428 1109 2496 audituros

103 2530 312 2615 pollicentur,
332 2531 417 2594 bona
436 2529 571 2595 arbitror
589 2529 723 2592 ratione.

534 2631 681 2694 Minos.

179 2731 338 2812 Audient,
358 2752 418 2815 pro
438 2732 512 2815 ipsis
532 2730 687 2814 spondeo.

502 2830 711 2897 Arminius.

99 2991 102 2996 .
177 2931 320 2998 Primum
331 2932 437 3018 igitur,
455 2932 528 3016 quia
545 2932 710 3014 plurimum
724 2929 848 3008 lerunt,
867 2930 900 2993 in
913 2931 975 2994 hoc
989 2950 1111 3013 ponere

101 3043 133 3096 te
153 3035 330 3117 Hannibal,
346 3036 433 3118 quod
453 3054 471 3096 a
493 3031 598 3117 parvis
618 3031 729 3106 initiis,
748 3032 788 3094 ad
807 3032 989 3114 amplissima
1010 3031 1112 3096 incre·

102 3144 204 3195 menta
224 3154 413 3214 progressus
432 3133 494 3208 sis,
515 3132 655 3207 docebo,
675 3130 702 3194 si
722 3132 785 3194 haec
804 3132 905 3211 gloria
916 3130 969 3208 sit,
990 3145 1111 3217 quanto

102 3233 254 3295 debeatur
285 3231 360 3295 mihi
390 3232 527 3308 rectius,
558 3253 651 3315 quam
670 3241 722 3294 aut
742 3231 817 3307 tibi,
851 3243 904 3294 aut
930 3232 994 3295 ulli.
1032 3234 1113 3295 Nam

19 3356 33 3373 =
102 3353 232 3408 eorum,
260 3330 393 3415 quires
420 3332 581 3412 praeclaras
610 3341 793 3411 gesseruut,
817 3352 911 3394 nemo
936 3331 1110 3412 majoribus

102 3432 332 3497 difficultatibus
352 3432 460 3496 enisus
490 3444 543 3494 aut
563 3429 762 3515 gravioribus
782 3429 865 3493 circa
882 3427 1112 3512 impedimentis

102 3535 255 3597 eluctatus
283 3542 341 3595 est.
391 3531 454 3596 Cui
477 3531 617 3612 potentia
646 3530 775 3613 quidem
800 3549 869 3591 esse
901 3549 969 3611 quae
996 3527 1111 3609 potuit,

101 3636 197 3699 rebus
216 3633 262 3697 sic
281 3634 411 3716 perditis
430 3644 463 3694 et
476 3629 668 3713 deploratis?
686 3627 848 3692 Antoritas
867 3648 944 3692 vero
964 3638 999 3689 ut
1018 3638 1111 3705 esset,

100 3734 169 3814 ipsa
193 3756 260 3796 non
288 3734 409 3798 sinebat
433 3744 515 3795 retas.
554 3733 660 3814 Quare
687 3729 773 3792 solus
802 3749 867 3791 non
894 3725 955 3790 tuit
973 3727 1112 3791 Alexan·

102 3832 178 3906 der,
217 3831 274 3913 qui
308 3835 470 3896 immatura
511 3843 598 3893 aetate
627 3826 774 3912 gerendis
811 3828 907 3891 rebus
936 3818 1113 3893 accesserit.

102 3929 205 3991 Etiam
232 3949 295 4010 ego
324 3943 470 4012 quartum
494 3942 526 3993 et
552 3929 741 4014 vigesimum
769 3927 853 3990 haud
872 3927 946 3988 dum
965 3946 1114 4010 egressus

104 4050 238 4102 annum,
258 4049 330 4091 cum
349 4031 444 4091 multa
462 4029 550 4116 prius
576 4030 671 4095 miles,
693 4025 838 4089 fecissem
857 4037 1002 4101 strenue,
1035 4026 1113 4091 Dux

103 4151 174 4193 csse
186 4128 291 4209 incepi
310 4129 467 4192 exercitus
477 4175 487 4206 ,
507 4151 601 4214 quem
620 4129 760 4192 nondum
775 4124 943 4202 habebam,
964 4124 1019 4209 qui
1032 4147 1113 4189 non·

103 4231 179 4292 dnm
198 4228 332 4305 coierat,
354 4249 513 4315 quemque
534 4226 691 4293 conscribi
710 4225 873 4291 celerrime
892 4244 964 4287 cum
984 4235 1115 4307 oporte·

104 4338 169 4403 ret,
202 4349 242 4391 an
271 4327 409 4393 existere
437 4341 563 4413 posset,
590 4338 712 4392 etanta
737 4325 952 4412 dispersione,
983 4320 1115 4390 dubium
