2618 5108
106 67 564 268 aur-nvw.
607 244 625 255 Ο
786 242 816 251 ’-

344 750 519 824 adversus
544 745 970 855 adsperginesl'Hutteni.
1089 743 1161 837 469
1234 754 1250 781 ·

110 1000 116 1009 ,
148 962 243 1025 (paam
273 941 372 1023 magis
392 942 552 1023 suspicor,
578 942 734 1006 delatores
753 940 905 1012 indicasse
924 941 997 1005 loos
1011 939 1164 1024 qiraadaar,

146 1044 215 1105 Nec
228 1044 311 1106 enim
328 1044 480 1122 adducor,
499 1054 534 1106 ut
552 1044 688 1119 credam,
704 1044 846 1107 Hutteno
862 1043 895 1105 in
911 1042 1001 1105 tantis
1014 1039 1162 1122 negotiis,

136 1164 217 1225 ·que
246 1145 332 1205 domi
362 1145 499 1227 bellique
528 1145 625 1227 gerit,
661 1164 731 1206 esse
760 1143 859 1206 otium
886 1155 993 1207 nostra
1022 1137 1162 1229 legendi.

146 1244 210 1307 Sed
236 1243 462 1306 intolerabilius
490 1257 552 1319 est,
585 1245 673 1327 quod
700 1244 813 1307 alicubi
844 1242 972 1324 scripsi,
1005 1239 1163 1307 nemiuem

145 1344 233 1426 pium
266 1366 330 1406 non
357 1343 466 1407 lavere
497 1345 646 1407 Pontifici
682 1345 839 1407 Romano.
893 1341 955 1405 Hic
982 1362 1048 1404 non
1076 1339 1163 1429 videt

145 1446 222 1509 illud
241 1447 416 1525 postulasse
435 1445 580 1507 dictionis
595 1443 815 1520 oeconomiam,
836 1455 887 1519 ut,
910 1443 1067 1506 Pontifice
1086 1461 1163 1507 con.-

144 1546 268 1621 ciliato,
291 1547 398 1608 odium
419 1547 450 1607 in
471 1548 625 1629 quosdam
644 1546 864 1618 transferrem,
892 1543 1034 1626 quirem
1053 1562 1164 1621 parum

143 1648 257 1710 dextre
277 1646 431 1725 gerebant
448 1648 577 1708 nomino
592 1646 767 1708 pontilicis.
795 1648 909 1728 Neque
927 1656 1029 1705 tamen
1046 1643 1163 1707 laisum

143 1760 207 1821 est,
229 1747 317 1830 quod
337 1746 458 1824 scripsi.
496 1746 596 1807 Favet
615 1747 699 1808 euim
719 1748 878 1822 Pontifici,
900 1737 1044 1830 quisquis
1063 1742 1161 1822 eupit,

142 1847 229 1910 illum
258 1849 393 1908 maxime
420 1847 538 1908 florere
569 1846 697 1908 dotibus
716 1847 931 1926 Apostolicis:
961 1845 1032 1909 licet
1057 1843 1163 1908 odisse

142 1948 303 2020 Leonem,
332 1957 363 2008 et
382 1958 484 2008 tamen
503 1948 614 2009 favere
635 1946 793 2009 Pontifici.
833 1947 897 2029 Qui
915 1947 1001 2008 latret
1019 1944 1164 2011 malefac-

143 2048 182 2110 tis
202 2047 407 2120 Pontificum,
440 2068 505 2108 non
534 2048 621 2110 lavet
640 2049 860 2111 Pontificibus.
899 2044 1020 2126 objicit
1038 2055 1070 2106 et
1088 2045 1161 2123 hoo,

143 2148 233 2232 quod
259 2147 339 2209 illius
359 2146 442 2209 sedis
470 2147 684 2222 autoritatem,
719 2159 768 2210 tot
792 2150 911 2212 sarculis
940 2157 1095 2229 sequutus
1115 2157 1172 2211 est.

143 2248 230 2311 orbis
250 2246 457 2310 Christianus.
504 2249 601 2329 Quod
619 2248 730 2329 scripsi
760 2270 871 2312 rerum
890 2259 956 2323 est,
972 2294 975 2301 .
989 2258 1022 2308 et
1041 2244 1162 2315 utinam

141 2359 298 2429 perpetuo
318 2358 522 2430 sequeretur,
543 2351 640 2411 modo
660 2350 710 2411 illa
729 2360 837 2431 ageret
855 2348 1018 2432 negotium
1033 2345 1163 2412 Christi.

139 2450 302 2512 Huttenus
322 2451 449 2511 clamat:
476 2449 509 2510 id
527 2470 689 2530 nunquam
707 2451 875 2514 futurum..
900 2451 944 2514 At
968 2470 1027 2512 nos
1054 2468 1164 2532 spera·

140 2570 209 2614 nius
239 2550 387 2627 meliora,
422 2549 593 2630 praesertim
618 2552 679 2612 hoc
698 2550 867 2613 Pontifice.
917 2550 1029 2612 Utrum
1057 2560 1163 2625 autem

140 2652 276 2716 sanctius
304 2665 370 2729 est,
392 2652 483 2735 sequi
514 2651 712 2714 autoritatem
744 2649 908 2713 Pontificis
936 2649 1090 2725 Romani,
1121 2668 1164 2713 aa

140 2754 233 2835 sequi
264 2753 462 2815 autoritatem
491 2751 648 2814 Hutteni‘?
680 2752 759 2813 Nam
787 2750 828 2814 ad
854 2752 933 2813 banc
963 2749 1163 2814 collationem

140 2851 268 2916 adhibui
297 2853 415 2915 dictum
447 2854 518 2916 hoc.
567 2853 842 2933 Quemadmodum
874 2861 908 2912 et
935 2849 1032 2925 illud,
1071 2848 1164 2933 quod

141 2953 253 3032 objicit
271 2954 311 3015 de
331 2955 497 3017 autoritate
516 2952 602 3015 orbis
619 2972 793 3027 consensu,
813 2960 862 3013 tot
879 2949 999 3015 saeculis
1014 2971 1163 3033 compro·

139 3053 221 3114 bata.
260 3054 475 3133 Argumentor
500 3051 598 3115 euim:
632 3053 707 3115 mihi
728 3053 862 3117 dandam
887 3054 1028 3128 veniam,
1055 3047 1102 3129 si,
1126 3053 1161 3117 iu

139 3151 237 3216 rebus
256 3151 470 3214 controversis
492 3154 587 3215 homo
604 3174 713 3234 parum
729 3153 861 3229 doetus,
880 3176 996 3238 sequar
1011 3154 1161 3217 autorita-

138 3261 203 3312 tem
223 3251 359 3312 Romani
385 3250 567 3326 Pontificio,
596 3251 818 3337 potiusquam
842 3254 956 3335 hujus,
989 3253 1160 3331 autfilliust

139 3351 328 3434 quibusdam
346 3349 430 3412 enim
443 3351 520 3413 illud
538 3354 611 3415 satis
631 3366 695 3435 est,
713 3367 748 3416 ut
767 3357 911 3429 credant,
933 3356 1022 3436 quod
1039 3355 1161 3416 Luthe·

137 3452 303 3516 naadixit:
325 3453 409 3515 dordr
428 3456 496 3532 ips.
534 3457 609 3516 Hoc
626 3456 652 3517 si
676 3456 835 3518 Lulherus
855 3456 1007 3533 postulat,
1028 3451 1158 3517 insanit:

137 3551 165 3617 si
190 3574 256 3615 non
285 3556 436 3636 postulat,
465 3554 625 3618 insaniunt
652 3555 706 3619 illi.
745 3555 842 3619 Certe
871 3565 1011 3627 constat,
1044 3565 1156 3635 postea
1268 3570 1271 3575 ’

138 3653 291 3717 Graciam
310 3677 442 3739 quoque
468 3655 501 3717 iu
520 3656 656 3720 Romani
677 3655 841 3718 Pontificio
863 3654 1063 3717 autoritatem
1082 3674 1160 3715 con·

139 3753 282 3817 cessisse.
320 3756 440 3819 Orbem
466 3769 570 3818 autem
589 3776 673 3818 voco
694 3754 859 3818 maximam
878 3753 965 3816 orbis
987 3753 1157 3817 Christiani

138 3863 276 3932 partem,
305 3854 364 3918 nisi
383 3855 469 3918 forte
488 3859 665 3932 Huttenus,
694 3856 862 3936 sophistam
884 3875 996 3935 agens,
1018 3854 1158 3933 objiciet.

138 3950 308 4032 sciopodes
345 3956 486 4018 nondum
519 3956 644 4020 dedisse
678 3950 795 4019 nomba
820 3954 969 4018 Pontifici
999 3957 1157 4020 Romano.

138 4053 319 4135 Quinetiam
340 4056 366 4117 si
386 4056 577 4136 principatus
598 4058 762 4122 Pontificio
782 4075 848 4116 nou
867 4065 950 4116 esset
974 4076 992 4117 a
1014 4053 1155 4133 Christo,

137 4166 241 4218 tamen
261 4156 555 4238 expediret,'unum
575 4181 656 4233 esse,
677 4156 733 4240 qui
752 4154 870 4218 caeteris
892 4155 1058 4218 autoritate
1077 4177 1157 4235 praa·

136 4256 288 4332 mineret,
319 4258 376 4321 sed
409 4279 478 4341 quac
506 4258 690 4342 longissime
717 4268 821 4318 tamen
851 4256 975 4319 abesset
1003 4254 1041 4317 ab
1070 4252 1157 4317 omui

137 4356 312 4437 tyrannide.
351 4359 449 4441 Quod
476 4369 581 4423 autem
599 4356 714 4422 alieubi
731 4353 853 4434 scripsi,
881 4365 1032 4435 oportere
1051 4374 1157 4419 sacro·
