2618 5108
194 816 269 901 39l
296 817 374 893 Ulr.
395 817 442 893 ab
459 815 601 892 Hutten
618 837 702 888 cum
718 814 874 888 Erasmo
891 813 976 886 Rot.
994 814 1168 912 Expost-

182 1004 308 1077 ‘antus
327 1009 424 1076 timor
442 1019 502 1074 cst.
549 1009 642 1072 Nulla
674 1018 723 1071 est
755 1007 888 1072 notatio.
932 1009 1003 1073 Jam
1025 1029 1066 1071 eo
1086 1008 1222 1089 gradum

192 1114 344 1192 lecimus,
370 1113 464 1176 motis
483 1112 517 1175 in
536 1132 645 1179 veram
664 1109 853 1193 religionem
870 1113 1077 1193 plurimorum
1098 1111 1221 1189 animis,

181 1216 280 1283 ¹undo
305 1236 367 1298 per
396 1226 429 1279 te
454 1213 550 1296 dejici
574 1213 750 1294 perieulum
786 1232 852 1275 non
882 1224 940 1276 est.
989 1216 1097 1275 Tuum
1127 1236 1222 1292 vero,

179 1317 409 1382 imminentem
427 1315 533 1378 studio
552 1313 625 1378 hnic
644 1313 692 1378 rei
711 1314 849 1378 animum
868 1317 990 1399 (neque
1010 1316 1093 1378 enim
1114 1327 1223 1379 osten-

192 1431 240 1485 tes
260 1419 322 1507 jam
341 1419 458 1482 bellum
486 1419 565 1494 hoc,
599 1417 656 1480 sed
681 1418 773 1498 plane
802 1416 901 1499 geris)
933 1429 969 1480 nt
989 1428 1121 1479 tractare
1143 1439 1223 1480 con-

181 1518 305 1601 gvenit?
326 1519 541 1584 Obtcstandus
560 1540 602 1581 ne
621 1539 680 1599 per
698 1520 794 1581 iidem
814 1529 846 1581 et
864 1519 1030 1582 amicitiam
1049 1532 1103 1596 tu,
1125 1531 1160 1582 ut
1179 1542 1223 1584 ne

195 1633 301 1705 partes
324 1620 475 1685 deseras?
501 1622 545 1683 At
569 1620 734 1702 probatior
767 1622 830 1683 haee
856 1631 903 1681 est
925 1643 1034 1696 cansa,
1070 1643 1164 1705 qnam
1186 1634 1224 1683 nt

191 1725 304 1801 ullius,
336 1725 453 1786 nednm
475 1723 562 1804 ejus,
596 1723 651 1807 qtti
672 1724 765 1784 iidem
794 1732 826 1783 et
845 1721 1009 1783 amicitiam
1029 1723 1134 1804 magni
1154 1746 1224 1786 non

195 1827 290 1900 lacit,
312 1837 344 1888 et
362 1825 537 1889 monitores
557 1826 597 1888 ab
609 1846 643 1887 se
659 1823 816 1896 excindit,
837 1824 1012 1902 precarium
1034 1824 1092 1884 sibi
1115 1836 1223 1903 patro-

194 1927 313 1990 cinium
341 1929 489 2007 postulet.
537 1929 604 1990 Aut
629 1927 841 1989 invocandum
871 1928 995 1990 coeleste
1020 1949 1157 2004 numen,
1186 1940 1224 1989 ut

182 2028 258 2093 sim
280 2049 298 2091 a
317 2027 412 2091 mobis
433 2039 518 2091 tuam
540 2027 718 2110 propellat?
748 2032 791 2091 At
819 2028 929 2090 timere
961 2030 1135 2104 nescimus,
1167 2040 1223 2090 aut

183 2130 355 2214 *ambigere
375 2129 515 2192 veritatis
535 2140 727 2203 assertores,
757 2140 789 2190 et
810 2140 914 2191 sancta
942 2130 992 2192 illa
1010 2130 1070 2193 nisi
1092 2131 1221 2209 fiducia,

183 2229 269 2294 nihil
294 2250 490 2314 magnopere
517 2229 723 2292 formidamus
758 2229 831 2291 istas
859 2231 891 2292 in
923 2243 955 2292 te
986 2255 1070 2294 raras
1101 2249 1220 2295 naturae

184 2330 305 2406 'dotes‚
342 2329 464 2411 ingenii
483 2329 563 2396 vim,
596 2331 786 2412 eloquentiae
805 2331 915 2394 robur.
956 2335 1033 2395 Snnt
1053 2347 1085 2396 et
1104 2349 1221 2400 nostrae

182 2441 305 2493 ¹contra
325 2429 418 2491 nobis
439 2449 528 2511 opes.
578 2430 665 2511 Quid
683 2430 864 2494 laciendum
889 2432 1011 2511 igitur?
1046 2434 1221 2500 Decertan-

178 2530 273 2615 Jdnm
294 2529 424 2593 omnino
446 2542 477 2593 et
497 2530 640 2592 cominus
666 2533 955 2612 congrediendum,
987 2545 1020 2596 nt
1046 2537 1221 2621 intelligant

184 2652 322 2708 omnes,
357 2652 451 2716 qnam
481 2632 622 2715 iniquam
648 2652 734 2708 rem,
768 2655 862 2716 qnam
891 2637 1005 2697 violata
1032 2658 1067 2697 ac
1088 2662 1220 2718 prorsus

100 2735 105 2744 ’
181 2744 398 2817 ‘constuprata
419 2732 612 2796 conscientia
631 2733 673 2797 sis
694 2754 873 2818 aggressus.
911 2739 986 2799 Haec
999 2741 1146 2818 profecto
1168 2747 1221 2809 via

191 2848 259 2913 est,
281 2838 342 2899 hoe
369 2836 523 2918 optimum
543 2836 723 2898 eonsilium:
752 2839 879 2920 qtiando
902 2860 961 2900 nec
981 2839 1101 2922 pietatis
1122 2847 1216 2923 ratio,

183 2958 251 3001 mec
272 2950 380 3002 nostra
408 2950 547 3002 amanter
574 2951 692 3002 tentata
716 2938 920 3002 commonitio
950 2942 1052 3004 locum
1081 2947 1165 3026 apud
1186 2959 1218 3011 te

184 3040 317 3103 liabent.
355 3040 457 3103 Vale!
