2618 5108
54 898 57 907 Ι
139 788 211 869 lob
427 811 435 829 ‘
474 787 635 891 Spongia
657 789 800 865 Erasini

140 982 303 1058 dolebam,
334 1003 427 1068 quam
454 980 557 1064 ajebat
582 983 785 1047 vehementer
809 979 961 1046 afflictam.
1010 979 1159 1043 Tandem

140 1083 293 1166 rogabam
321 1084 600 1166 Eppendorpium,
640 1083 768 1167 placidis
808 1083 913 1146 verbis
951 1081 1160 1163 persuaderet

140 1189 303 1259 Hutteno,
333 1196 369 1246 ut
400 1184 427 1248 si
458 1184 533 1247 nibil
559 1196 643 1248 esset
673 1182 735 1246 nisi
765 1183 902 1266 vulgaris
932 1181 1157 1254 consalutatio,

140 1296 329 1365 temperaret
366 1306 384 1346 a
412 1305 603 1367 congressu,
633 1283 722 1370 quod
751 1304 790 1345 ea
814 1305 865 1348 res
895 1283 970 1346 nibil
1000 1292 1083 1343 esset
1114 1278 1160 1341 illi

141 1384 371 1450 commoditatis
391 1387 536 1463 allatura,
561 1404 612 1447 me
631 1395 798 1467 gravatura
823 1394 905 1447 esset
932 1382 1065 1456 insidia,
1093 1379 1160 1458 jam

42 1567 45 1571 .
140 1490 211 1569 plns
231 1488 303 1550 satis
324 1497 497 1569 gravatum.
544 1483 701 1549 Caeterum
730 1483 899 1566 apristiuo
926 1503 998 1547 meo
1019 1481 1050 1543 in
1071 1479 1160 1543 illum

141 1589 256 1651 affectu
285 1586 361 1649 nihil
390 1584 573 1650 decessisse.
618 1586 716 1667 Quod
746 1584 774 1650 si
802 1606 864 1670 qua
892 1584 925 1647 in
958 1604 993 1647 re
1021 1581 1162 1645 officium

140 1708 246 1751 meum
279 1686 488 1761 desideraret,
532 1684 577 1749 id¹
592 1687 664 1748 lore
700 1684 978 1767 promptissimum.
1022 1684 1095 1745 Hoc
1124 1705 1161 1745 se

139 1786 390 1851 renuntiaturum
414 1787 533 1867 recepit
558 1785 822 1868 Eppcndorpius,
851 1808 911 1849 nec
930 1783 1057 1853 dubito,
1081 1783 1163 1867 quin

141 1910 204 1972 qua
230 1899 279 1951 est
298 1887 444 1950 civilitate
465 1886 631 1968 preditus,
660 1887 856 1950 commodius
886 1886 977 1950 etiam
1004 1883 1161 1960 retulerit,

142 2010 236 2073 qnam
257 2010 319 2072 ego
339 1989 521 2051 mandarim.
560 1987 657 2052 Certe
677 1989 843 2069 profitetur
862 2008 896 2050 se
920 1996 1034 2071 quanta
1054 1982 1162 2065 potuit

141 2089 288 2153 civilitate
320 2109 421 2152 meam
447 2073 623 2152 orationem
649 2086 823 2168 pertulisse.
881 2088 944 2152 Ubi
969 2108 1019 2149 me
1047 2082 1162 2148 revisit

139 2200 212 2274 post
231 2211 329 2253 uuum
348 2201 443 2272 atque
463 2191 593 2251 alterum
613 2187 714 2264 diem,
733 2209 828 2272 rogo,
848 2211 921 2251 num
947 2188 1025 2251 boni
1044 2207 1163 2251 consu·

141 2286 252 2354 luisset
270 2290 430 2351 Huttenus
456 2307 557 2350 meam
575 2286 725 2371 colloquii
751 2288 1016 2369 deprecationem.
1055 2289 1161 2365 „Imo,
1200 2358 1201 2361 Ἴ

140 2388 263 2472 inquit,
284 2385 422 2449 suaviter
446 2385 566 2464 arrisit,
586 2399 618 2448 et
634 2387 665 2449 in
678 2390 793 2452 bonam
805 2400 925 2469 partem
939 2389 1162 2471 interpretatus

142 2494 216 2551 est.“
255 2488 396 2549 Rursum
428 2487 609 2550 testificatus
644 2488 780 2551 animum
816 2511 892 2574 erga
923 2491 1008 2552 illum
1044 2511 1162 2569 mcum,

141 2588 277 2650 officium
297 2586 427 2663 desero,
455 2587 481 2650 si
502 2587 580 2671 qnid
606 2608 624 2649 a
643 2609 692 2651 me
711 2590 849 2670 praestari
878 2592 971 2652 vellet
990 2592 1163 2656 Huttenus.

137 2688 219 2754 Post
237 2686 305 2752 dies
325 2689 591 2773 aliquammultos,
618 2690 731 2772 rogavi
758 2689 939 2753 familiarius
971 2692 1164 2773 Eppendor‹

140 2789 244 2873 pium,
266 2789 386 2851 diceret
406 2787 560 2871 ingenue,
587 2810 662 2852 num
682 2792 840 2853 Huttenus
862 2789 1161 2856 videretureodem

140 2891 244 2954 animo
264 2891 407 2970 accipere
427 2889 681 2971 deprecationem
700 2911 819 2967 meam,
842 2912 907 2974 quo
928 2913 990 2974 ego
1009 2890 1160 2970 lacerem,

37 2990 39 2995 ⁸
141 3004 172 3054 et
191 3014 267 3053 num
288 3012 382 3074 quam
401 2989 494 3052 animi
524 2992 636 3052 offensi
666 2989 927 3072 significationem
960 2994 1059 3055 daret.
1097 2995 1162 3056 lle·

140 3091 227 3175 gavit
255 3092 305 3153 ille
339 3113 374 3152 se
407 3090 577 3174 quicquam
601 3093 661 3152 tale
686 3090 719 3153 in
748 3092 890 3153 Hutteno
911 3078 1163 3174 deprehendere.¹

142 3191 205 3255 Sed
225 3189 365 3253 abiturus
385 3189 517 3269 adjecit:
539 3190 735 3266 ,Fortassis‚
769 3191 886 3274 inquit,
908 3205 1039 3273 cuperet
1058 3204 1164 3257 tecum

141 3289 308 3374 colloqui.⁸‘
346 3291 504 3372 Roganti,
524 3312 600 3353 num
616 3291 699 3353 istud
718 3290 849 3355 dixisset
867 3294 1045 3370 Huttenus,
1067 3316 1163 3377 nega·

140 3388 198 3467 vit,
218 3391 274 3452 sed
294 3401 363 3462 „est
381 3389 534 3467 fortassis,
553 3389 666 3475 inquit,
688 3393 775 3476 quod
795 3405 925 3474 cuperet
943 3405 1046 3456 tecum
1064 3398 1164 3458 collo·

141 3486 223 3579 qui.“
245 3494 329 3554 Tum
342 3514 421 3575 ego:
444 3495 665 3577 „Quamquam
683 3492 824 3577 inquam,
837 3494 1000 3575 cupiebam
1013 3495 1164 3560 invidiam

141 3592 319 3678 defugere,
352 3604 455 3656 tamen
481 3613 518 3656 ea
543 3616 594 3658 res
625 3616 690 3657 non
718 3593 795 3656 tanti
815 3605 862 3658 est
880 3596 964 3675 apud
983 3619 1052 3674 me,
1084 3600 1161 3681 quin

30 3771 32 3777 Ι
140 3695 232 3758 facile
259 3703 495 3776 contempturus
517 3692 593 3772 sim,
617 3696 645 3758 si
671 3695 747 3777 quid
769 3693 861 3758 habet
878 3694 966 3758 seriae
985 3696 1051 3775 rei,
1074 3699 1163 3783 quod

141 3815 263 3858 mecum
283 3806 370 3877 agat:
391 3807 444 3857 ant
463 3794 489 3857 si
508 3794 625 3880 alioqui
643 3795 708 3856 haec
726 3816 777 3858 res
798 3794 841 3857 illi
860 3796 948 3859 cordi
966 3809 1031 3874 est,
1050 3798 1160 3882 siquo

141 3897 238 3960 modo
256 3896 343 3958 serre
360 3916 485 3976 possem
507 3897 715 3978 hypocausta,
747 3895 814 3978 ipse
834 3898 1038 3961 convenirem
1060 3898 1163 3963 homi·

142 4019 226 4060 nem.
264 3995 319 4057 Ille
338 3995 480 4059 fortassis
500 4008 534 4058 ut
553 4006 600 4059 est
616 3997 761 4073 allectus,
781 4018 847 4059 non
868 4009 972 4080 potest
990 3999 1100 4063 abesse
1121 4001 1160 4063 ab
1199 4033 1203 4042 ·

141 4095 350 4176 hypocaustis.
396 4096 493 4178 Quod
519 4095 545 4158 si
573 4108 678 4180 potest
706 4098 792 4160 serre
821 4098 922 4182 frigus
953 4099 1046 4181 hujus
1070 4103 1158 4178 aulae,

140 4197 239 4260 libens
268 4217 338 4258 cum
366 4193 418 4259 illo
439 4197 676 4260 'confabulabor
703 4220 806 4282 usque
832 4199 872 4260 ad
902 4199 1092 4278 satietatem,
1126 4213 1159 4263 et

139 4297 314 4360 curabimus
347 4307 383 4359 ut
411 4295 452 4360 sit
481 4299 656 4361 luculentus
687 4297 809 4388 l'ocus.“⁸
845 4299 897 4362 Ad
916 4301 977 4363 hoc
995 4300 1161 4383 respondit

137 4395 401 4481 Eppendcrpins:
421 4396 611 4472 „Huttennm
625 4419 761 4485 corpore
778 4397 892 4464 misere
909 4403 1021 4465 allecto
1036 4422 1162 4487 semper
