2618 5108
149 799 220 875 ⁶92
460 790 641 868 Arminius
664 790 852 892 Dialogus.

554 982 771 1049 Arminius.

154 1064 157 1069 .
229 1084 312 1167 Quia
331 1104 437 1169 neque
457 1084 567 1165 putari
587 1085 755 1168 quicquam
774 1082 869 1149 licere
897 1084 952 1147 ulli
971 1082 1021 1146 hie
1039 1083 1172 1162 ambire,

153 1158 261 1267 neque
292 1205 434 1269 unquam
461 1186 641 1283 dubitavi,
650 1184 746 1268 quod
775 1185 809 1251 itt
827 1185 891 1275 vita
916 1185 998 1253 bene
1018 1194 1071 1246 aut
1089 1186 1172 1247 male

154 1285 227 1368 quis
270 1285 438 1362 meruerit,
473 1307 592 1348 summa
631 1285 664 1347 in
708 1305 815 1347 omnes
857 1270 1001 1367 equitate
1044 1281 1098 1346 abs
1138 1295 1172 1346 te

152 1385 309 1451 distribui.

584 1501 730 1570 Minus.

160 1596 162 1600 ’
241 1600 356 1684 Neque
383 1622 448 1663 non
468 1603 504 1664 fit
520 1602 582 1664 hoc
602 1603 725 1665 sedulo.
777 1602 840 1665 Sed
858 1600 1032 1682 judicamus
1058 1620 1175 1666 seeun-

69 1703 73 1713 '
93 1686 99 1769 λ,
139 1699 230 1785 ndum
247 1701 391 1765 contessa
410 1704 596 1785 plerumque
608 1702 679 1778 hic,
699 1704 797 1786 fitque
816 1703 908 1786 copia
920 1699 1062 1776 dicendi,
1083 1701 1177 1787 qnod

95 1821 101 1832 ··
147 1799 188 1865 ,itt
218 1820 287 1864 rem
318 1822 405 1864 surnn
433 1801 566 1885 quilibet
591 1802 767 1869 arbitratur.
807 1801 929 1866 Cretera
949 1801 1039 1864 [acite
1060 1800 1176 1864 ιιιιιείὲ

155 1923 225 1964 mus
246 1903 401 1983 occupati.
439 1902 614 1981 Praesertim
640 1905 679 1965 ad
699 1902 900 1965 ambitionem
922 1924 990 1985 quae
1009 1914 1083 1964 runt
1112 1901 1175 1993 nisi

155 2001 322 2082 postulati,
349 2001 555 2085 negligentes.
592 2003 697 2068 Vides
714 2004 796 2065 enim
817 2002 1017 2086 negotiorum
1045 2024 1113 2084 quae
1134 1992 1176 2065 sit

154 2103 271 2178 moles,
303 2103 391 2185 quod
417 2102 606 2183 judiciorum
631 2123 728 2180 onus,
764 2124 856 2186 quam
876 2102 998 2164 varium
1017 2102 1047 2163 et
1071 2103 1178 2165 mutti-

155 2204 246 2281 plex‚
274 2203 389 2264 deinde
410 2202 466 2264 otii
487 2224 581 2285 quam
596 2215 683 2265 areta
702 2202 762 2266 sint
783 2216 934 2284 tem10ra
974 2205 1178 2299 Quamquam

92 2302 95 2311 '
153 2301 181 2364 si
207 2301 390 2363 recordatus
420 2301 567 2379 fuissem,
588 2304 675 2386 quod
695 2326 789 2366 nnnc
789 2301 948 2387 redigis
938 2323 971 2364 nr
990 2301 1176 2411 memoriani

155 2400 247 2476 nihi,
269 2420 433 2464 vocassem
450 2403 549 2478 ultro,
574 2414 606 2464 et
624 2425 694 2467 curn
714 2403 779 2467 aliis
799 2405 965 2467 audissem.

560 2520 813 2584 Arminius.
856 2525 859 2531 ’
907 2526 913 2534 “

227 2620 268 2681 Et
289 2639 354 2679 non
385 2621 492 2684 audies
512 2642 614 2699 nunc,
640 2620 796 2684 revocatis
824 2622 885 2684 huc
904 2621 945 2683 de
975 2576 1093 2721 quibus
1114 2642 1179 2684 nu·

152 2738 211 2799 per
231 2719 400 2800 judicasti?

561 2851 564 2855 ’
594 2835 740 2904 Minos.

232 2936 371 3018 Quidni
398 2938 541 3001 audiam?
573 2941 709 3011 Accerse
727 2927 791 3001 huc
811 2941 850 3007 ad
871 2961 930 3003 nos
951 2942 1179 3037 Imperatores,

155 3046 325 3114 Mercuri,
360 3039 414 3122 qui
444 3040 484 3101 de
515 3041 689 3129 prestantia
737 3039 769 3103 in
800 3038 833 3101 r'e
855 3041 978 3106 militari
1005 3053 1036 3104 et
1062 3038 1178 3109 bellica

155 3139 388 3204 contenderunt
407 3159 525 3221 paucos
547 3150 617 3205 ante
637 3141 713 3203 dies.

543 3255 784 3327 Mercurius.

233 3353 326 3425 Treis
347 3352 440 3418 illos?
459 3354 598 3439 memini5
621 3378 662 3419 en
681 3358 805 3429 adsunt.

588 3471 737 3551 Minos.
1170 3520 1174 3537 .

233 3570 296 3663 Hie
313 3571 364 3635 ille
383 3583 450 3648 est,
471 3570 601 3661 eptimi,
621 3584 712 3640 vetus
733 3576 964 3650 Germanorum
982 3578 1051 3649 dux
1070 3579 1181 3651 Armi.

156 3671 246 3748 nius„
273 3672 327 3757 qui
354 3695 413 3755 pro
439 3674 582 3756 libertate
612 3696 682 3739 cum
701 3677 851 3753 Romanis
873 3679 1006 3747 certavit
1031 3673 1128 3754 olim,
1148 3693 1181 3752 οι

156 3770 246 3863 uicit,
268 3793 403 3856 cumque
423 3795 482 3853 vus
500 3774 606 3839 audiat
617 3777 657 3841 de
673 3775 877 3865 Imperatoris
900 3779 1076 3856 praestantia
1100 3802 1184 3851 cun·

156 3872 313 3961 tendisse,
343 3895 379 3935 ae
398 3874 580 3939 setabantiam
599 3897 639 3943 eu
661 3898 758 3954 super
776 3877 921 3950 retulisse
940 3901 1008 3956 me,
1045 3880 1182 3962 indigus

159 3973 268 4034 asserit
282 3995 317 4035 se
334 3966 526 4055 praeteritum
540 3962 594 4037 ibi.
633 3974 737 4038 Habet
753 3977 854 4054 enirn,
876 4001 946 4063 quus
963 3998 1037 4048 curn
1055 3983 1182 4060 afferat,

158 4083 358 4136 ostensurum
376 4096 411 4136 se
430 4084 533 4154 putat,
560 4077 715 4150 neminem
743 4078 860 4141 rectius
887 4080 965 4141 hane
985 4081 1025 4142 ad
1045 4085 1184 4162 patrnam

158 4173 336 4263 peruenire.
468 4249 473 4256 Α

463 4340 467 4347 -
545 4291 787 4359 Alexander.

233 4391 334 4473 Igitur
354 4394 448 4456 dieat.
