2618 5108
170 822 245 905 371
332 822 410 901 Uir.
435 826 483 900 sb
507 816 649 901 Hutten
673 848 760 899 eum
780 814 940 901 Erasmo
963 825 1048 900 Rot.
1084 787 1087 793 Ι

172 1016 231 1083 des
249 1018 372 1082 mundo
392 1018 526 1101 aperuit.
564 1022 670 1084 Baiias
691 1019 732 1083 ad
751 1019 882 1083 nihilum
900 1018 1035 1102 redegit.
1075 1017 1201 1081 Gratias

152 1118 366 1211 ,ponigsviu
417 1120 627 1204 Indulgentiis
658 1132 691 1184 et
724 1120 758 1183 id
789 1140 890 1205 genus
917 1120 984 1183 aliis
1013 1119 1199 1200 imposturis

173 1220 377 1286 Germaniam
402 1222 524 1287 elausit.
571 1224 646 1286 Hoc
671 1221 820 1305 proiecto
847 1240 919 1285 esse
948 1220 1046 1284 dices.
1084 1222 1203 1304 ·Atque

171 1322 272 1408 igitur
295 1345 369 1388 oum
387 1324 567 1389 Lutherum
585 1324 732 1386 insectari
751 1322 816 1399 vis,
828 1336 957 1404 'magna
982 1322 1014 1384 vi
1039 1322 1202 1403 increpes:

171 1424 350 1491 Romanam
366 1408 541 1509 agnoscere
560 1436 592 1487 te
611 1424 792 1500 ecelesiam,
813 1444 911 1507 aqua
927 1424 1035 1486 divetti
1047 1443 1087 1484 ue
1099 1435 1204 1484 morte

172 1524 305 1611 quidem
338 1527 460 1608 possis,
489 1546 563 1589 cum
588 1525 684 1588 toties
715 1526 908 1590 discesseris.
955 1526 1065 1609 Atque
1088 1525 1204 1589 iterum

171 1620 439 1705 minitabundus,¹
461 1627 643 1691 habiturum
672 1638 703 1690 te
736 1649 797 1709 pro
825 1627 1024 1703 adversario,
1055 1626 1203 1710 quisquis

153 1726 360 1795 'adversetur
380 1731 528 1793 Romano
543 1727 702 1792 Pontifici.
741 1729 791 1790 Te
810 1728 926 1790 etenim
945 1749 1071 1809 semper
1091 1729 1204 1805 fuisse,

168 1842 367 1914 'semperque
392 1818 540 1893 futurum
560 1831 711 1893 Roman-s
731 1830 833 1905 sedis,
860 1829 912 1892 cui
940 1842 973 1892 te
994 1830 1075 1892 scias
1095 1832 1204 1892 multis

171 1931 277 1995 modis
297 1929 569 2015 obligatissimum.
606 1929 667 1994 His
678 1931 807 2012 iuquam
820 1929 1003 1992 Gnatonicis
1016 1931 1204 1993 ululationi-

124 2096 127 2105 ,
168 2032 233 2121 ¹ltus
241 2053 308 2095 non
316 2031 451 2110 jactares
465 2043 515 2108 te,
534 2029 711 2097 nisiseires,
724 2031 803 2091 hanc
813 2031 1080 2095 cassiniensionis
1091 2044 1203 2095 contra

170 2132 355 2199 Lntherum
367 2154 512 2210 causam,
534 2152 628 2216 mam
641 2131 726 2207 dixi,
748 2142 780 2192 et
790 2131 882 2194 facile
896 2132 1085 2196 remissuros
1101 2134 1202 2197 fuisse

169 2232 269 2300 iratos
287 2235 506 2310 Romanistas,
527 2254 597 2316 quse
613 2235 654 2295 de
673 2233 774 2296 libero
794 2234 943 2310 arbitrio,
963 2236 1005 2296 de
1020 2236 1204 2298 Sacramen-

166 2333 231 2414 iis,
268 2345 302 2398 et
329 2335 520 2418 quibusdam
549 2334 614 2396 aliis
639 2352 806 2414 perperam
831 2335 950 2399 sentire
970 2334 1030 2398 iilis
1050 2335 1202 2400 videtur:

169 2436 233 2501 noo
251 2434 422 2517 persequi,
454 2455 513 2516 per
532 2429 622 2517 quod
647 2454 707 2496 suo
736 2436 869 2517 questui
889 2436 1015 2498 obviam
1036 2436 1114 2512 itur,
1135 2438 1201 2502 suis

98 2600 103 2613 ,
162 2536 267 2601 'lucris
287 2536 341 2599 via
358 2535 578 2616 praecluditur,
609 2558 674 2598 suso
692 2535 875 2615 imposturae
893 2536 1029 2619 frigent,
1061 2539 1127 2600 doti
1147 2561 1201 2617 pa.

164 2624 305 2703 tamnu
352 2638 517 2721 Quodque
543 2636 576 2699 in
602 2649 780 2710 causaest,
812 2657 869 2699 cur
889 2649 937 2699 tot
955 2651 1070 2718 egeant
1091 2641 1201 2701 ttomae

161 2722 294 2805 ‘Decimi
314 2739 437 2802 Leonis
462 2730 629 2813 ereamroe,
659 2748 709 2799 tot
741 2739 895 2819 Episcopi
923 2750 956 2799 et
982 2740 1202 2803 Protonotarii

163 2824 313 2924 diruptus
328 2840 473 2903 minuere
484 2851 657 2922 cogentum
678 2838 746 2918 ipsa
762 2839 844 2900 iilius
859 2842 973 2902 summi
984 2843 1053 2902 auis
1066 2861 1203 2903 evacue-

164 2948 232 3007 tur.
270 2941 309 3005 ln
329 2939 540 3005 Consistoriis
559 2939 700 3003 solitudo
720 2943 790 3016 fiat,
819 2940 978 3003 Curtisani
997 2942 1116 3004 frustra
1137 2964 1202 3005 am-

162 3028 271 3118 iiiant,
292 3039 444 3122 Copiistoe
459 3051 493 3103 et
507 3051 555 3103 tot
570 3042 607 3103 in
628 3043 710 3103 urbe
722 3041 846 3104 Notarii
866 3044 905 3104 ad
925 3044 1041 3104 famem
1062 3046 1202 3124 compel-

162 3143 283 3205 iinttrr.
321 3143 400 3222 Quas
412 3160 487 3222 ego,
508 3140 583 3224 qnia
603 3153 636 3203 et
655 3140 761 3224 prius,
781 3164 875 3225 (psam
894 3143 946 3206 ilie
955 3144 1125 3224 inciperet,
1146 3166 1201 3226 ag-

164 3254 297 3327 'gressm
310 3262 398 3317 sum,
421 3252 455 3303 et
467 3262 528 3323 pro
542 3263 613 3305 mea
628 3242 712 3304 virili
728 3243 930 3322 pertinaciter
946 3244 979 3306 in
993 3248 1078 3307 hunc
1095 3267 1201 3328 usque

162 3342 253 3409 ntem
270 3342 343 3424 egi,
366 3342 586 3426 quoniamque
605 3343 682 3405 boni
701 3343 764 3405 viri
784 3365 854 3408 esse
875 3347 975 3421 (luco,
1004 3367 1064 3424 per
1082 3347 1200 3407 verita-

165 3442 483 3520 darentasiensis,
504 3443 657 3528 equitatis
677 3444 858 3522 vindictam,
882 3446 1004 3529 ubique
1022 3459 1054 3510 et
1075 3470 1200 3529 semper

164 3532 323 3633 prodesse
355 3545 481 3629 patrie,
517 3545 687 3610 Christiani
719 3566 815 3619 vero,
842 3568 902 3628 pro
936 3547 1072 3610 veritate
1101 3552 1196 3613 otiam

165 3648 267 3725 nori,
296 3646 323 3710 si
342 3648 405 3710 hoc
429 3634 481 3711 res
507 3649 665 3728 postulet,
691 3649 773 3709 malo
797 3649 1016 3711 Lutherunum
1041 3649 1103 3711 diei
1134 3673 1198 3726 me,

168 3746 432 3834 qnandoquidem
469 3745 518 3812 sic
550 3758 726 3824 vocantur,
774 3749 830 3831 qui
863 3751 928 3811 haec
962 3762 1061 3833 aguut
1100 3774 1196 3827 stunc,

163 3870 264 3935 quam
282 3847 420 3911 officium
438 3848 598 3912 deserere.
637 3851 837 3932 Quamquam
855 3851 953 3930 igitur
965 3872 1026 3912 uec
1045 3855 1198 3935 magistro

167 3950 214 4015 ibi
245 3970 323 4013 usus
358 3947 413 4012 iilo
438 3951 516 4027 sim,
555 3970 617 4012 nec
650 3949 758 4025 socio,
798 3970 835 4012 ac
869 3952 1003 4015 seorsim
1031 3956 1199 4036 negotium

166 4054 229 4116 hoe
244 4071 361 4132 agam,
393 4062 426 4114 et
450 4071 643 4135 quaecunque
669 4049 809 4112 factione
837 4053 962 4115 censeri
991 4053 1195 4119 infestissime

168 4152 309 4227 oderim3
342 4150 417 4237 quia
443 4164 549 4215 tamen
573 4151 672 4214 vetuit
704 4153 767 4214 hoe
794 4151 874 4235 jam,
909 4155 1026 4239 utqui
1059 4158 1198 4220 Romani

168 4254 333 4319 Pontifieis
358 4253 519 4334 tyrannidi
547 4253 772 4329 adversantur,
812 4276 950 4337 quorum
975 4256 1135 4338 praecipue
1162 4261 1196 4320 in

167 4376 304 4421 stumero
326 4374 453 4437 semper
474 4354 582 4417 haberi
605 4358 697 4429 volo,
736 4368 769 4417 et
790 4356 954 4418 veritatem
976 4358 1031 4440 qui
1052 4378 1197 4423 asserere

167 4458 301 4532 audent,
328 4455 452 4541 quique
477 4457 519 4521 ab
542 4457 687 4522 humanis
717 4457 935 4521 sanctionibus
960 4459 1001 4522 ad
1022 4463 1195 4544 Evarrgeir
