2618 5108
257 56 739 245 (arev-¹
781 222 799 233 v

470 752 473 757 ’
506 799 510 807 ,
564 721 789 808 Inyeotiva.
1107 725 1181 799 2⁶3

146 920 257 1003 Atque
275 928 393 982 utnon
411 929 533 981 tantum
552 919 700 994 nomine,
726 919 785 983 sed
802 938 839 979 re
858 936 995 1000 quoque
1011 917 1079 996 ipsa
1098 916 1180 981 beati

146 1021 235 1095 sitis,
275 1020 385 1082 mittite
423 1023 557 1102 caducas
584 1020 688 1081 saeculi
715 1041 794 1101 opes
821 1031 854 1080 et
885 1019 1098 1100 frugalitatem
1127 1019 1180 1090 bie

146 1125 307 1196 colentes,
342 1123 523 1183 thesaurum
550 1121 582 1183 in
613 1122 699 1184 coelis
725 1120 917 1183 constituite.
964 1120 1030 1181 Pro
1051 1119 1179 1182 lascivia

144 1245 225 1285 vero
252 1233 285 1282 ct
305 1222 374 1282 vitas
396 1223 583 1304 petulantia,
616 1225 733 1285 luctum
755 1222 892 1304 diligite,
925 1242 985 1299 pro
1006 1219 1175 1304 ferocitate

145 1325 432 1399 mansuetudinem,
475 1347 534 1406 pro
562 1324 713 1386 ebrictate
746 1335 777 1384 et
806 1325 933 1405 crapula
960 1320 1119 1399 jejunium
1144 1331 1177 1385 et

147 1425 367 1509 sobrietatem,
399 1449 459 1506 pro
480 1426 596 1487 saevitia
623 1426 886 1499 miscricordiam,
920 1446 979 1506 pro
1002 1424 1080 1485 mala
1100 1444 1178 1484 con·

144 1526 275 1588 scicntia
296 1528 410 1588 mentis
437 1527 620 1608 puritatem,
652 1550 711 1608 pro
736 1529 927 1590 turbulentia
961 1536 992 1587 et
1016 1522 1175 1588 seditione

144 1650 254 1709 pacem
275 1627 417 1703 induite,
439 1651 474 1688 ac
494 1631 619 1700 tandem
639 1629 768 1705 discite,
800 1650 866 1711 non
887 1627 1023 1689 molliter
1043 1622 1172 1688 delicias

142 1732 277 1803 sectari,
310 1732 367 1792 sed
389 1731 513 1792 sortiter
532 1733 612 1794 dura
634 1732 708 1811 pati.
758 1729 914 1794 Convicia
933 1729 972 1789 ab
992 1727 1059 1790 aliis
1077 1724 1171 1800 ferte,

142 1852 209 1893 non
230 1831 288 1910 ipsi
309 1831 433 1908 priores
454 1831 558 1893 facite.
599 1835 714 1912 Quales
731 1853 803 1894 cum
821 1852 891 1894 esse
912 1827 1089 1910 coeperitis,
1109 1842 1176 1890 tum

141 1934 176 1996 in
197 1956 255 1995 vos
276 1944 456 2014 congruent
475 1934 646 2014 magnilica·
667 1934 722 1994 illae
743 1932 985 2014 appellationes,
1010 1931 1173 2003 salterrae,

142 2034 348 2109 luxmundi,
378 2046 408 2095 et
428 2034 454 2095 si
474 2033 552 2116 quid
573 2045 620 2096 cst
642 2033 835 2113 hujusmodi.
885 2035 980 2095 'l'une
1000 2028 1092 2093 etiam
1114 2049 1174 2089 vos

141 2135 350 2199 fertilissimos
368 2135 439 2197 vitis
461 2134 541 2197 illius
563 2135 703 2216 palmites
723 2135 925 2207 vocabimus,
946 2118 1043 2212 ¹etjus
1056 2127 1176 2213 ligandi

142 2245 177 2297 et
196 2236 341 2297 solvendi
361 2238 427 2309 hic,
459 2237 548 2318 quod
569 2237 600 2297 in
627 2238 712 2299 coelis
732 2258 865 2320 quoque
888 2236 1017 2318 ligatum
1036 2243 1068 2294 et
1087 2233 1175 2294 solu·

141 2351 212 2399 tum
230 2337 286 2410 sit,
317 2339 539 2399 concedemus.
590 2340 704 2419 Neque
731 2337 815 2399 enim
841 2348 876 2399 ut
895 2331 1176 2398 nuncridebimus

93 2474 97 2489 ι
142 2457 187 2498 ex
208 2437 388 2502 bominibus
409 2460 552 2521 quaerere
572 2439 702 2521 gloriam
724 2461 798 2512 vos,
821 2438 878 2500 sed
899 2437 974 2499 dare
989 2436 1070 2498 illam
1088 2436 1174 2512 Deo,

141 2550 196 2600 aut
216 2541 364 2601 fraudare
385 2541 416 2600 in
438 2543 569 2623 negotio
592 2541 739 2615 fratrem,
760 2540 811 2600 vel
830 2558 888 2619 per
901 2537 1053 2601 invidiam
1066 2537 1176 2619 oppri-

144 2660 253 2715 mere,
275 2642 331 2703 sed
352 2642 488 2703 fideliter
508 2641 706 2715 conversari,
728 2641 759 2701 in
780 2640 928 2702 charitate
948 2637 1121 2713 exhortari,
1143 2648 1176 2698 et

139 2742 286 2804 doctriua
306 2742 431 2805 lovere.
476 2744 634 2806 Praeterea
655 2764 721 2803 nou
741 2753 777 2803 ut
797 2761 882 2803 nunc
900 2751 1033 2822 propter
1053 2737 1175 2820 rapaci·

139 2854 237 2906 tatem
257 2844 488 2920 intolerabiles,
515 2844 573 2906 sed
593 2854 724 2925 propter
748 2843 939 2925 obsequium
958 2852 989 2902 et
1008 2837 1175 2902 liberalita-

137 2955 204 3007 tem
233 2943 320 3009 eritis
350 2945 496 3006 omuibus
527 2946 761 3008 desiderabiles.
823 2946 917 3006 'l'une
947 2942 1032 3024 enim
1060 2940 1172 3007 vidore

137 3044 264 3121 licebit,
296 3067 360 3106 non
386 3047 489 3107 multis
516 3066 635 3108 nocere
658 3069 733 3122 vos,
755 3045 813 3108 sed
836 3044 989 3126 prodesse
1010 3042 1171 3106 omnibus.

136 3147 213 3225 Huc
233 3147 355 3208 animos
376 3147 545 3220 advertite,
569 3149 652 3208 hunc
671 3148 741 3208 vitae
761 3137 894 3228 scopum
919 3143 1012 3207 vobis
1031 3144 1170 3206 statuite.

136 3249 220 3310 Nam
246 3247 323 3329 quid
351 3269 452 3308 vanos
480 3247 606 3322 titulos,
638 3260 669 3308 et
688 3248 812 3310 inanem
834 3246 1076 3329 appellationem
1096 3245 1169 3307 satis

138 3370 211 3411 esse
243 3347 453 3410 arbitramini.
487 3369 544 3410 cur
570 3350 725 3411 honorem
751 3349 920 3412 habeamus
946 3345 1061 3409 vobis?
1095 3341 1172 3406 vira

139 3449 309 3513 restituatur
323 3451 384 3511 hoc
401 3471 432 3512 er
449 3450 549 3513 factis.
570 3453 672 3512 Nosse
691 3462 794 3512 autem
809 3451 902 3512 decet
917 3468 976 3510 ros
994 3445 1172 3527 secundum
1201 3524 1203 3529 Α

139 3562 240 3617 Pauli
258 3551 450 3626 doctrinam,
471 3553 635 3634 quomodo
648 3550 768 3614 versari
783 3560 929 3633 oporteat
941 3549 975 3610 in
988 3548 1084 3610 tlomo
1099 3545 1172 3620 Dei,

141 3675 212 3736 que
226 3664 274 3713 est
290 3651 422 3714 ecclesia
437 3653 515 3728 Dei,
538 3655 683 3714 columna
697 3664 728 3713 et
743 3654 823 3715 basis
839 3649 989 3714 veritatis.
1012 3649 1067 3710 Ille
1084 3658 1172 3708 certe

141 3753 337 3835 Episcopum
358 3756 516 3829 formans,
544 3756 636 3818 stude
663 3753 792 3837 (inquit)
818 3768 848 3815 te
877 3751 981 3833 ipsum
1001 3750 1172 3832 probatum

142 3858 294 3921 exhibere
314 3859 404 3932 Deo,
426 3855 607 3935 operarium
626 3878 692 3917 uon
712 3853 985 3926 erubescendum,
1012 3861 1098 3914 recte
1118 3871 1170 3914 se-

142 3970 293 4042 quentem
314 3980 494 4021 sermonem
514 3956 672 4031 veritatis,
693 3966 724 4017 ct
740 3967 860 4019 sectare
876 3952 1043 4035 justitiam,
1063 3952 1169 4026 fidem,

141 4058 306 4139 pietatem,
335 4059 511 4132 caritatem,
542 4058 737 4139 patientiam,
758 4055 1050 4126 mansuetudinem,
1083 4062 1169 4114 certa

140 4158 275 4224 bonum'
284 4180 441 4224 certamen
463 4161 548 4224 fidei.
586 4163 694 4242 Atque
713 4160 844 4221 iterum:
866 4159 943 4219 Esto
966 4153 1070 4215 [orma
1090 4153 1169 4214 fide-

140 4263 217 4327 lium
249 4262 282 4324 iu
313 4286 477 4338 sermone,
511 4261 545 4324 iu
567 4261 828 4335 conversatione,
863 4258 896 4319 in
917 4255 1104 4330 dilectione,
1136 4253 1169 4346 in

142 4363 272 4446 spiritu,
300 4363 333 4426 in
352 4366 433 4441 fide,
468 4364 501 4426 in
518 4365 665 4444 puritate.
717 4363 823 4442 Quale
837 4371 884 4422 est
903 4362 965 4423 hoc
983 4368 1106 4448 autem,
1126 4355 1168 4419 de
