<?xml version="1.0" encoding="UTF-8"?>
<!DOCTYPE html PUBLIC "-//W3C//DTD XHTML 1.0 Transitional//EN"
    "http://www.w3.org/TR/xhtml1/DTD/xhtml1-transitional.dtd">
<html xmlns="http://www.w3.org/1999/xhtml" xml:lang="en" lang="en">
 <head>
  <title>
</title>
<meta http-equiv="Content-Type" content="text/html;charset=utf-8" />
  <meta name='ocr-system' content='tesseract 3.04.00' />
  <meta name='ocr-capabilities' content='ocr_page ocr_carea ocr_par ocr_line ocrx_word'/>
</head>
<body>
  <div class='ocr_page' id='page_1' title='image "./ulrichiabhutten00mngoog_0363.png"; bbox 0 0 2618 5108; ppageno 0'>
   <div class='ocr_carea' id='block_1_1' title="bbox 374 757 1143 877">
    <p class='ocr_par' dir='ltr' id='par_1_1' title="bbox 374 757 1143 877">
     <span class='ocr_line' id='line_1_1' title="bbox 374 757 1143 877; baseline 0.005 -24"><span class='ocrx_word' id='word_1_1' title='bbox 374 832 377 838; x_wconf 84' lang='lat'>-</span> <span class='ocrx_word' id='word_1_2' title='bbox 475 757 751 877; x_wconf 33' lang='lat' dir='ltr'><strong>&#39;Expostulatio</strong></span> <span class='ocrx_word' id='word_1_3' title='bbox 1066 777 1143 867; x_wconf 63' lang='lat' dir='ltr'><strong>m</strong></span> 
     </span>
    </p>
   </div>
   <div class='ocr_carea' id='block_1_2' title="bbox 112 968 1140 2467">
    <p class='ocr_par' dir='ltr' id='par_1_2' title="bbox 112 968 1140 2467">
     <span class='ocr_line' id='line_1_2' title="bbox 113 968 1140 1057; baseline 0.004 -24"><span class='ocrx_word' id='word_1_4' title='bbox 113 968 246 1034; x_wconf 82' lang='lat' dir='ltr'><strong>eludas?</strong></span> <span class='ocrx_word' id='word_1_5' title='bbox 276 972 360 1052; x_wconf 85' lang='lat' dir='ltr'><strong>Quid</strong></span> <span class='ocrx_word' id='word_1_6' title='bbox 382 970 443 1034; x_wconf 85' lang='lat' dir='ltr'><strong>dici</strong></span> <span class='ocrx_word' id='word_1_7' title='bbox 463 982 568 1051; x_wconf 87' lang='lat' dir='ltr'><strong>potest</strong></span> <span class='ocrx_word' id='word_1_8' title='bbox 585 972 765 1035; x_wconf 86' lang='lat' dir='ltr'><strong>incivilius?</strong></span> <span class='ocrx_word' id='word_1_9' title='bbox 798 972 884 1056; x_wconf 86' lang='lat' dir='ltr'><strong>Quid</strong></span> <span class='ocrx_word' id='word_1_10' title='bbox 899 973 946 1037; x_wconf 84' lang='lat' dir='ltr'><strong>his</strong></span> <span class='ocrx_word' id='word_1_11' title='bbox 973 972 1140 1057; x_wconf 81' lang='lat' dir='ltr'><strong>indignum</strong></span> 
     </span>
     <span class='ocr_line' id='line_1_3' title="bbox 112 1071 1138 1155; baseline 0.003 -20"><span class='ocrx_word' id='word_1_12' title='bbox 112 1072 213 1151; x_wconf 88' lang='lat' dir='ltr'><strong>magis</strong></span> <span class='ocrx_word' id='word_1_13' title='bbox 233 1071 369 1135; x_wconf 84' lang='lat' dir='ltr'><strong>studiis?</strong></span> <span class='ocrx_word' id='word_1_14' title='bbox 402 1073 445 1135; x_wconf 86' lang='lat' dir='ltr'><strong>At</strong></span> <span class='ocrx_word' id='word_1_15' title='bbox 471 1072 518 1134; x_wconf 92' lang='lat' dir='ltr'><strong>tui</strong></span> <span class='ocrx_word' id='word_1_16' title='bbox 537 1073 693 1136; x_wconf 88' lang='lat' dir='ltr'><strong>rationem</strong></span> <span class='ocrx_word' id='word_1_17' title='bbox 712 1074 828 1137; x_wconf 88' lang='lat' dir='ltr'><strong>habere</strong></span> <span class='ocrx_word' id='word_1_18' title='bbox 853 1086 886 1137; x_wconf 84' lang='lat' dir='ltr'><strong>te</strong></span> <span class='ocrx_word' id='word_1_19' title='bbox 910 1075 955 1137; x_wconf 84' lang='lat' dir='ltr'><strong>ihi</strong></span> <span class='ocrx_word' id='word_1_20' title='bbox 983 1074 1138 1155; x_wconf 86' lang='lat' dir='ltr'><strong>oportuit,</strong></span> 
     </span>
     <span class='ocr_line' id='line_1_4' title="bbox 113 1173 1138 1254; baseline 0.002 -19"><span class='ocrx_word' id='word_1_21' title='bbox 113 1173 202 1235; x_wconf 81' lang='lat' dir='ltr'><strong>nesi</strong></span> <span class='ocrx_word' id='word_1_22' title='bbox 223 1194 273 1235; x_wconf 92' lang='lat' dir='ltr'><strong>me</strong></span> <span class='ocrx_word' id='word_1_23' title='bbox 295 1173 490 1247; x_wconf 88' lang='lat' dir='ltr'><strong>admitteres,</strong></span> <span class='ocrx_word' id='word_1_24' title='bbox 511 1176 653 1254; x_wconf 89' lang='lat' dir='ltr'><strong>periculo</strong></span> <span class='ocrx_word' id='word_1_25' title='bbox 675 1187 758 1237; x_wconf 88' lang='lat' dir='ltr'><strong>esset</strong></span> <span class='ocrx_word' id='word_1_26' title='bbox 775 1174 810 1236; x_wconf 93' lang='lat' dir='ltr'><strong>id</strong></span> <span class='ocrx_word' id='word_1_27' title='bbox 827 1175 895 1237; x_wconf 85' lang='lat' dir='ltr'><strong>tibi.</strong></span> <span class='ocrx_word' id='word_1_28' title='bbox 937 1177 1022 1239; x_wconf 91' lang='lat' dir='ltr'><strong>Puto</strong></span> <span class='ocrx_word' id='word_1_29' title='bbox 1042 1175 1138 1250; x_wconf 87' lang='lat' dir='ltr'><strong>enim,</strong></span> 
     </span>
     <span class='ocr_line' id='line_1_5' title="bbox 114 1274 1139 1350; baseline 0.004 -14"><span class='ocrx_word' id='word_1_30' title='bbox 114 1274 171 1336; x_wconf 92' lang='lat' dir='ltr'><strong>uni</strong></span> <span class='ocrx_word' id='word_1_31' title='bbox 198 1275 255 1336; x_wconf 89' lang='lat' dir='ltr'><strong>tibi</strong></span> <span class='ocrx_word' id='word_1_32' title='bbox 280 1275 417 1337; x_wconf 88' lang='lat' dir='ltr'><strong>intentos</strong></span> <span class='ocrx_word' id='word_1_33' title='bbox 439 1296 508 1337; x_wconf 83' lang='lat' dir='ltr'><strong>esse</strong></span> <span class='ocrx_word' id='word_1_34' title='bbox 533 1276 735 1350; x_wconf 87' lang='lat' dir='ltr'><strong>Curtisanos,</strong></span> <span class='ocrx_word' id='word_1_35' title='bbox 764 1295 800 1338; x_wconf 87' lang='lat' dir='ltr'><strong>ac</strong></span> <span class='ocrx_word' id='word_1_36' title='bbox 819 1278 932 1338; x_wconf 89' lang='lat' dir='ltr'><strong>sedulo</strong></span> <span class='ocrx_word' id='word_1_37' title='bbox 953 1276 1139 1350; x_wconf 83' lang='lat' dir='ltr'><strong>observare,</strong></span> 
     </span>
     <span class='ocr_line' id='line_1_6' title="bbox 115 1376 1139 1458; baseline 0.004 -22"><span class='ocrx_word' id='word_1_38' title='bbox 115 1397 191 1436; x_wconf 89' lang='lat' dir='ltr'><strong>num</strong></span> <span class='ocrx_word' id='word_1_39' title='bbox 211 1376 288 1458; x_wconf 90' lang='lat' dir='ltr'><strong>quid</strong></span> <span class='ocrx_word' id='word_1_40' title='bbox 307 1397 432 1437; x_wconf 89' lang='lat' dir='ltr'><strong>mecum</strong></span> <span class='ocrx_word' id='word_1_41' title='bbox 450 1377 574 1438; x_wconf 83' lang='lat' dir='ltr'>habeas.</span> <span class='ocrx_word' id='word_1_42' title='bbox 627 1379 760 1437; x_wconf 89' lang='lat' dir='ltr'><strong>Etcum</strong></span> <span class='ocrx_word' id='word_1_43' title='bbox 786 1387 833 1438; x_wconf 91' lang='lat' dir='ltr'><strong>tot</strong></span> <span class='ocrx_word' id='word_1_44' title='bbox 858 1398 915 1458; x_wconf 90' lang='lat' dir='ltr'><strong>per</strong></span> <span class='ocrx_word' id='word_1_45' title='bbox 937 1377 1139 1440; x_wconf 79' lang='lat' dir='ltr'><strong>Germaniam</strong></span> 
     </span>
     <span class='ocr_line' id='line_1_7' title="bbox 116 1475 1139 1561; baseline 0.006 -26"><span class='ocrx_word' id='word_1_46' title='bbox 116 1475 258 1538; x_wconf 86' lang='lat' dir='ltr'><strong>civitates</strong></span> <span class='ocrx_word' id='word_1_47' title='bbox 288 1476 431 1556; x_wconf 86' lang='lat' dir='ltr'><strong>publice,</strong></span> <span class='ocrx_word' id='word_1_48' title='bbox 462 1489 510 1538; x_wconf 92' lang='lat' dir='ltr'><strong>tot</strong></span> <span class='ocrx_word' id='word_1_49' title='bbox 538 1475 683 1556; x_wconf 86' lang='lat' dir='ltr'><strong>privatim</strong></span> <span class='ocrx_word' id='word_1_50' title='bbox 710 1476 787 1539; x_wconf 89' lang='lat' dir='ltr'><strong>boni</strong></span> <span class='ocrx_word' id='word_1_51' title='bbox 817 1477 895 1551; x_wconf 84' lang='lat' dir='ltr'><strong>viri,</strong></span> <span class='ocrx_word' id='word_1_52' title='bbox 924 1479 1010 1538; x_wconf 92' lang='lat' dir='ltr'><strong>nullo</strong></span> <span class='ocrx_word' id='word_1_53' title='bbox 1030 1498 1139 1561; x_wconf 86' lang='lat' dir='ltr'><strong>neque</strong></span> 
     </span>
     <span class='ocr_line' id='line_1_8' title="bbox 115 1576 1140 1661; baseline 0.006 -23"><span class='ocrx_word' id='word_1_54' title='bbox 115 1576 262 1656; x_wconf 89' lang='lat' dir='ltr'><strong>periculi,</strong></span> <span class='ocrx_word' id='word_1_55' title='bbox 301 1598 406 1660; x_wconf 85' lang='lat' dir='ltr'><strong>neque</strong></span> <span class='ocrx_word' id='word_1_56' title='bbox 437 1576 562 1637; x_wconf 74' lang='lat' dir='ltr'><strong>invidis·</strong></span> <span class='ocrx_word' id='word_1_57' title='bbox 590 1589 699 1651; x_wconf 88' lang='lat' dir='ltr'><strong>metu,</strong></span> <span class='ocrx_word' id='word_1_58' title='bbox 735 1577 852 1657; x_wconf 84' lang='lat' dir='ltr'><strong>optima</strong></span> <span class='ocrx_word' id='word_1_59' title='bbox 876 1579 940 1640; x_wconf 83' lang='lat' dir='ltr'><strong>fide</strong></span> <span class='ocrx_word' id='word_1_60' title='bbox 966 1579 1140 1661; x_wconf 74' lang='lat' dir='ltr'><strong>hospitium</strong></span> 
     </span>
     <span class='ocr_line' id='line_1_9' title="bbox 115 1677 1140 1761; baseline 0.006 -23"><span class='ocrx_word' id='word_1_61' title='bbox 115 1678 258 1738; x_wconf 87' lang='lat' dir='ltr'><strong>Hutteno</strong></span> <span class='ocrx_word' id='word_1_62' title='bbox 273 1677 457 1752; x_wconf 75' lang='lat' dir='ltr'>exhibeant,</span> <span class='ocrx_word' id='word_1_63' title='bbox 477 1679 564 1737; x_wconf 88' lang='lat' dir='ltr'><strong>solus</strong></span> <span class='ocrx_word' id='word_1_64' title='bbox 583 1680 731 1741; x_wconf 86' lang='lat' dir='ltr'><strong>Erasmus</strong></span> <span class='ocrx_word' id='word_1_65' title='bbox 752 1690 815 1753; x_wconf 87' lang='lat' dir='ltr'><strong>est,</strong></span> <span class='ocrx_word' id='word_1_66' title='bbox 836 1679 891 1761; x_wconf 90' lang='lat' dir='ltr'><strong>qui</strong></span> <span class='ocrx_word' id='word_1_67' title='bbox 911 1691 942 1740; x_wconf 92' lang='lat' dir='ltr'><strong>et</strong></span> <span class='ocrx_word' id='word_1_68' title='bbox 960 1679 1140 1760; x_wconf 84' lang='lat' dir='ltr'><strong>periculum</strong></span> 
     </span>
     <span class='ocr_line' id='line_1_10' title="bbox 113 1777 1139 1863; baseline 0.008 -25"><span class='ocrx_word' id='word_1_69' title='bbox 113 1779 314 1857; x_wconf 88' lang='lat' dir='ltr'><strong>propositum</strong></span> <span class='ocrx_word' id='word_1_70' title='bbox 344 1779 473 1849; x_wconf 87' lang='lat' dir='ltr'><strong>habeat,</strong></span> <span class='ocrx_word' id='word_1_71' title='bbox 506 1788 538 1837; x_wconf 88' lang='lat' dir='ltr'><strong>et</strong></span> <span class='ocrx_word' id='word_1_72' title='bbox 567 1777 716 1840; x_wconf 85' lang='lat' dir='ltr'><strong>invidiam</strong></span> <span class='ocrx_word' id='word_1_73' title='bbox 739 1779 894 1841; x_wconf 88' lang='lat' dir='ltr'><strong>sustinere</strong></span> <span class='ocrx_word' id='word_1_74' title='bbox 916 1780 1000 1844; x_wconf 91' lang='lat' dir='ltr'><strong>haud</strong></span> <span class='ocrx_word' id='word_1_75' title='bbox 1026 1780 1139 1863; x_wconf 84' lang='lat' dir='ltr'><strong>possit.</strong></span> 
     </span>
     <span class='ocr_line' id='line_1_11' title="bbox 114 1879 1136 1962; baseline 0.005 -21"><span class='ocrx_word' id='word_1_76' title='bbox 114 1881 189 1941; x_wconf 88' lang='lat' dir='ltr'><strong>Non</strong></span> <span class='ocrx_word' id='word_1_77' title='bbox 217 1881 330 1954; x_wconf 80' lang='lat' dir='ltr'><strong>video,</strong></span> <span class='ocrx_word' id='word_1_78' title='bbox 362 1880 627 1962; x_wconf 83' lang='lat' dir='ltr'><strong>quemadmodum</strong></span> <span class='ocrx_word' id='word_1_79' title='bbox 654 1882 704 1941; x_wconf 83' lang='lat' dir='ltr'><strong>vel</strong></span> <span class='ocrx_word' id='word_1_80' title='bbox 730 1880 806 1942; x_wconf 90' lang='lat' dir='ltr'><strong>illud</strong></span> <span class='ocrx_word' id='word_1_81' title='bbox 840 1879 896 1956; x_wconf 88' lang='lat' dir='ltr'><strong>sit,</strong></span> <span class='ocrx_word' id='word_1_82' title='bbox 933 1885 984 1944; x_wconf 90' lang='lat' dir='ltr'><strong>vel</strong></span> <span class='ocrx_word' id='word_1_83' title='bbox 1011 1883 1074 1945; x_wconf 88' lang='lat' dir='ltr'><strong>hoc</strong></span> <span class='ocrx_word' id='word_1_84' title='bbox 1103 1892 1136 1946; x_wconf 86' lang='lat' dir='ltr'><strong>te</strong></span> 
     </span>
     <span class='ocr_line' id='line_1_12' title="bbox 114 1980 1138 2064; baseline 0.005 -23"><span class='ocrx_word' id='word_1_85' title='bbox 114 1980 236 2041; x_wconf 91' lang='lat' dir='ltr'><strong>deceat.</strong></span> <span class='ocrx_word' id='word_1_86' title='bbox 281 1981 360 2040; x_wconf 87' lang='lat' dir='ltr'><strong>Nam</strong></span> <span class='ocrx_word' id='word_1_87' title='bbox 379 2000 484 2062; x_wconf 91' lang='lat' dir='ltr'><strong>neque</strong></span> <span class='ocrx_word' id='word_1_88' title='bbox 505 2001 546 2041; x_wconf 84' lang='lat' dir='ltr'><strong>ex</strong></span> <span class='ocrx_word' id='word_1_89' title='bbox 572 1990 620 2041; x_wconf 91' lang='lat' dir='ltr'><strong>tot</strong></span> <span class='ocrx_word' id='word_1_90' title='bbox 639 1980 763 2057; x_wconf 89' lang='lat' dir='ltr'><strong>amicis,</strong></span> <span class='ocrx_word' id='word_1_91' title='bbox 795 2002 877 2043; x_wconf 81' lang='lat' dir='ltr'><strong>unrrs</strong></span> <span class='ocrx_word' id='word_1_92' title='bbox 901 1982 1013 2064; x_wconf 87' lang='lat' dir='ltr'><strong>aliquis</strong></span> <span class='ocrx_word' id='word_1_93' title='bbox 1035 1985 1138 2046; x_wconf 78' lang='lat' dir='ltr'><strong>adhuc</strong></span> 
     </span>
     <span class='ocr_line' id='line_1_13' title="bbox 115 2080 1139 2160; baseline 0.005 -20"><span class='ocrx_word' id='word_1_94' title='bbox 115 2089 249 2160; x_wconf 90' lang='lat' dir='ltr'><strong>propter</strong></span> <span class='ocrx_word' id='word_1_95' title='bbox 267 2080 430 2157; x_wconf 79' lang='lat' dir='ltr'><strong>negotium</strong></span> <span class='ocrx_word' id='word_1_96' title='bbox 452 2080 684 2142; x_wconf 86' lang='lat' dir='ltr'><strong>Curtisanicum</strong></span> <span class='ocrx_word' id='word_1_97' title='bbox 705 2082 856 2144; x_wconf 91' lang='lat' dir='ltr'><strong>alienatus</strong></span> <span class='ocrx_word' id='word_1_98' title='bbox 876 2104 894 2145; x_wconf 86' lang='lat' dir='ltr'><strong>a</strong></span> <span class='ocrx_word' id='word_1_99' title='bbox 912 2105 962 2144; x_wconf 90' lang='lat' dir='ltr'><strong>me</strong></span> <span class='ocrx_word' id='word_1_100' title='bbox 984 2094 1048 2158; x_wconf 85' lang='lat' dir='ltr'><strong>est,</strong></span> <span class='ocrx_word' id='word_1_101' title='bbox 1081 2094 1139 2146; x_wconf 87' lang='lat' dir='ltr'><strong>aut</strong></span> 
     </span>
     <span class='ocr_line' id='line_1_14' title="bbox 116 2178 1136 2265; baseline 0.005 -25"><span class='ocrx_word' id='word_1_102' title='bbox 116 2181 279 2240; x_wconf 75' lang='lat' dir='ltr'><strong>vitandum</strong></span> <span class='ocrx_word' id='word_1_103' title='bbox 301 2178 360 2242; x_wconf 85' lang='lat' dir='ltr'><strong>sibi</strong></span> <span class='ocrx_word' id='word_1_104' title='bbox 383 2180 474 2241; x_wconf 88' lang='lat' dir='ltr'><strong>etiarn</strong></span> <span class='ocrx_word' id='word_1_105' title='bbox 494 2182 631 2261; x_wconf 82' lang='lat' dir='ltr'><strong>putavit,</strong></span> <span class='ocrx_word' id='word_1_106' title='bbox 662 2204 768 2265; x_wconf 89' lang='lat' dir='ltr'><strong>neque</strong></span> <span class='ocrx_word' id='word_1_107' title='bbox 790 2184 862 2244; x_wconf 88' lang='lat' dir='ltr'><strong>satis</strong></span> <span class='ocrx_word' id='word_1_108' title='bbox 881 2205 980 2246; x_wconf 87' lang='lat' dir='ltr'><strong>causae</strong></span> <span class='ocrx_word' id='word_1_109' title='bbox 1001 2183 1058 2247; x_wconf 88' lang='lat' dir='ltr'><strong>tibi</strong></span> <span class='ocrx_word' id='word_1_110' title='bbox 1076 2195 1136 2260; x_wconf 82' lang='lat' dir='ltr'><strong>est,</strong></span> 
     </span>
     <span class='ocr_line' id='line_1_15' title="bbox 117 2278 1134 2364; baseline 0.004 -21"><span class='ocrx_word' id='word_1_111' title='bbox 117 2281 160 2343; x_wconf 92' lang='lat' dir='ltr'><strong>ob</strong></span> <span class='ocrx_word' id='word_1_112' title='bbox 181 2278 268 2361; x_wconf 84' lang='lat' dir='ltr'><strong>ejus,</strong></span> <span class='ocrx_word' id='word_1_113' title='bbox 293 2303 361 2363; x_wconf 86' lang='lat' dir='ltr'><strong>quse</strong></span> <span class='ocrx_word' id='word_1_114' title='bbox 380 2280 454 2343; x_wconf 91' lang='lat' dir='ltr'><strong>inde</strong></span> <span class='ocrx_word' id='word_1_115' title='bbox 474 2282 551 2344; x_wconf 91' lang='lat' dir='ltr'><strong>oriri</strong></span> <span class='ocrx_word' id='word_1_116' title='bbox 571 2293 692 2364; x_wconf 88' lang='lat' dir='ltr'><strong>potest,</strong></span> <span class='ocrx_word' id='word_1_117' title='bbox 726 2283 851 2346; x_wconf 85' lang='lat' dir='ltr'><strong>invidiae</strong></span> <span class='ocrx_word' id='word_1_118' title='bbox 871 2296 1003 2361; x_wconf 90' lang='lat' dir='ltr'><strong>metum,</strong></span> <span class='ocrx_word' id='word_1_119' title='bbox 1025 2287 1134 2347; x_wconf 74' lang='lat' dir='ltr'><strong>exclu-</strong></span> 
     </span>
     <span class='ocr_line' id='line_1_16' title="bbox 115 2380 1136 2467; baseline 0.007 -23"><span class='ocrx_word' id='word_1_120' title='bbox 115 2384 193 2445; x_wconf 91' lang='lat' dir='ltr'><strong>dere</strong></span> <span class='ocrx_word' id='word_1_121' title='bbox 214 2403 231 2442; x_wconf 93' lang='lat' dir='ltr'><strong>a</strong></span> <span class='ocrx_word' id='word_1_122' title='bbox 245 2381 406 2464; x_wconf 89' lang='lat' dir='ltr'><strong>colloquio</strong></span> <span class='ocrx_word' id='word_1_123' title='bbox 420 2380 562 2443; x_wconf 89' lang='lat' dir='ltr'><strong>amicum.</strong></span> <span class='ocrx_word' id='word_1_124' title='bbox 589 2383 739 2453; x_wconf 82' lang='lat' dir='ltr'><strong>Poteras,</strong></span> <span class='ocrx_word' id='word_1_125' title='bbox 759 2385 786 2446; x_wconf 89' lang='lat' dir='ltr'><strong>si</strong></span> <span class='ocrx_word' id='word_1_126' title='bbox 798 2407 900 2467; x_wconf 87' lang='lat' dir='ltr'><strong>nuper</strong></span> <span class='ocrx_word' id='word_1_127' title='bbox 912 2386 999 2448; x_wconf 86' lang='lat' dir='ltr'><strong>socia</strong></span> <span class='ocrx_word' id='word_1_128' title='bbox 1010 2407 1136 2452; x_wconf 85' lang='lat' dir='ltr'><strong>mecum</strong></span> 
     </span>
    </p>
   </div>
   <div class='ocr_carea' id='block_1_3' title="bbox 116 2480 1233 2563">
    <p class='ocr_par' dir='ltr' id='par_1_3' title="bbox 116 2480 1233 2563">
     <span class='ocr_line' id='line_1_17' title="bbox 116 2480 1233 2563; baseline 0.007 -18"><span class='ocrx_word' id='word_1_129' title='bbox 116 2505 201 2545; x_wconf 90' lang='lat' dir='ltr'><strong>arma</strong></span> <span class='ocrx_word' id='word_1_130' title='bbox 227 2480 466 2563; x_wconf 73' lang='lat' dir='ltr'><strong>conjunximus,</strong></span> <span class='ocrx_word' id='word_1_131' title='bbox 498 2484 531 2544; x_wconf 89' lang='lat' dir='ltr'><strong>in</strong></span> <span class='ocrx_word' id='word_1_132' title='bbox 559 2494 680 2563; x_wconf 89' lang='lat' dir='ltr'><strong>partem</strong></span> <span class='ocrx_word' id='word_1_133' title='bbox 698 2484 885 2548; x_wconf 82' lang='lat' dir='ltr'><strong>discriminis</strong></span> <span class='ocrx_word' id='word_1_134' title='bbox 911 2486 1033 2550; x_wconf 81' lang='lat' dir='ltr'><strong>venire.</strong></span> <span class='ocrx_word' id='word_1_135' title='bbox 1071 2485 1135 2552; x_wconf 85' lang='lat' dir='ltr'><strong>Cui</strong></span> <span class='ocrx_word' id='word_1_136' title='bbox 1229 2500 1233 2508; x_wconf 83' lang='lat'>&#39;</span> 
     </span>
    </p>
   </div>
   <div class='ocr_carea' id='block_1_4' title="bbox 115 2582 1217 3073">
    <p class='ocr_par' dir='ltr' id='par_1_4' title="bbox 115 2582 1217 3073">
     <span class='ocr_line' id='line_1_18' title="bbox 116 2582 1135 2666; baseline 0.002 -16"><span class='ocrx_word' id='word_1_137' title='bbox 116 2587 160 2650; x_wconf 92' lang='lat' dir='ltr'><strong>ob</strong></span> <span class='ocrx_word' id='word_1_138' title='bbox 180 2585 347 2647; x_wconf 88' lang='lat' dir='ltr'><strong>admissum</strong></span> <span class='ocrx_word' id='word_1_139' title='bbox 364 2583 558 2666; x_wconf 86' lang='lat' dir='ltr'><strong>colloquium</strong></span> <span class='ocrx_word' id='word_1_140' title='bbox 577 2582 698 2646; x_wconf 85' lang='lat' dir='ltr'><strong>invisus</strong></span> <span class='ocrx_word' id='word_1_141' title='bbox 719 2605 787 2644; x_wconf 87' lang='lat' dir='ltr'><strong>esse</strong></span> <span class='ocrx_word' id='word_1_142' title='bbox 808 2586 939 2662; x_wconf 84' lang='lat' dir='ltr'><strong>debeas,</strong></span> <span class='ocrx_word' id='word_1_143' title='bbox 959 2589 1044 2651; x_wconf 87' lang='lat' dir='ltr'><strong>haud</strong></span> <span class='ocrx_word' id='word_1_144' title='bbox 1056 2589 1135 2654; x_wconf 82' lang='lat' dir='ltr'><strong>scio.</strong></span> 
     </span>
     <span class='ocr_line' id='line_1_19' title="bbox 116 2682 1137 2770; baseline -0.004 -21"><span class='ocrx_word' id='word_1_145' title='bbox 116 2690 219 2770; x_wconf 85' lang='lat' dir='ltr'><strong>Quem</strong></span> <span class='ocrx_word' id='word_1_146' title='bbox 240 2707 302 2768; x_wconf 85' lang='lat' dir='ltr'><strong>ego</strong></span> <span class='ocrx_word' id='word_1_147' title='bbox 323 2705 403 2747; x_wconf 85' lang='lat' dir='ltr'><strong>vero</strong></span> <span class='ocrx_word' id='word_1_148' title='bbox 423 2683 572 2757; x_wconf 90' lang='lat' dir='ltr'><strong>amicum,</strong></span> <span class='ocrx_word' id='word_1_149' title='bbox 599 2682 692 2745; x_wconf 88' lang='lat' dir='ltr'><strong>etiam</strong></span> <span class='ocrx_word' id='word_1_150' title='bbox 712 2704 763 2745; x_wconf 88' lang='lat' dir='ltr'><strong>res</strong></span> <span class='ocrx_word' id='word_1_151' title='bbox 783 2706 855 2748; x_wconf 86' lang='lat' dir='ltr'><strong>cum</strong></span> <span class='ocrx_word' id='word_1_152' title='bbox 876 2686 979 2750; x_wconf 86' lang='lat' dir='ltr'><strong>minus</strong></span> <span class='ocrx_word' id='word_1_153' title='bbox 997 2687 1137 2752; x_wconf 77' lang='lat' dir='ltr'><strong>invidio-</strong></span> 
     </span>
     <span class='ocr_line' id='line_1_20' title="bbox 115 2783 1217 2879; baseline 0.001 -28"><span class='ocrx_word' id='word_1_154' title='bbox 115 2810 164 2851; x_wconf 87' lang='lat' dir='ltr'><strong>sas</strong></span> <span class='ocrx_word' id='word_1_155' title='bbox 185 2808 326 2869; x_wconf 82' lang='lat' dir='ltr'><strong>agerem,</strong></span> <span class='ocrx_word' id='word_1_156' title='bbox 347 2785 479 2865; x_wconf 90' lang='lat' dir='ltr'><strong>periculi</strong></span> <span class='ocrx_word' id='word_1_157' title='bbox 500 2783 683 2865; x_wconf 83' lang='lat' dir='ltr'><strong>participem</strong></span> <span class='ocrx_word' id='word_1_158' title='bbox 702 2806 772 2847; x_wconf 91' lang='lat' dir='ltr'><strong>esse</strong></span> <span class='ocrx_word' id='word_1_159' title='bbox 790 2785 865 2848; x_wconf 91' lang='lat' dir='ltr'><strong>mihi</strong></span> <span class='ocrx_word' id='word_1_160' title='bbox 878 2787 989 2849; x_wconf 81' lang='lat' dir='ltr'><strong>volui?</strong></span> <span class='ocrx_word' id='word_1_161' title='bbox 1019 2790 1136 2852; x_wconf 81' lang='lat' dir='ltr'><strong>Nonne</strong></span> <span class='ocrx_word' id='word_1_162' title='bbox 1208 2863 1217 2879; x_wconf 60' lang='lat'><strong>„</strong></span> 
     </span>
     <span class='ocr_line' id='line_1_21' title="bbox 117 2868 1135 2970; baseline 0 -19"><span class='ocrx_word' id='word_1_163' title='bbox 117 2888 291 2967; x_wconf 89' lang='lat' dir='ltr'><strong>Capnionis</strong></span> <span class='ocrx_word' id='word_1_164' title='bbox 319 2868 555 2960; x_wconf 80' lang='lat' dir='ltr'><strong>defensionem,</strong></span> <span class='ocrx_word' id='word_1_165' title='bbox 588 2885 627 2946; x_wconf 90' lang='lat' dir='ltr'><strong>ad</strong></span> <span class='ocrx_word' id='word_1_166' title='bbox 656 2885 799 2948; x_wconf 88' lang='lat' dir='ltr'><strong>ultimum</strong></span> <span class='ocrx_word' id='word_1_167' title='bbox 823 2908 926 2970; x_wconf 88' lang='lat' dir='ltr'><strong>usque</strong></span> <span class='ocrx_word' id='word_1_168' title='bbox 950 2887 1031 2952; x_wconf 87' lang='lat' dir='ltr'><strong>illius</strong></span> <span class='ocrx_word' id='word_1_169' title='bbox 1065 2889 1135 2951; x_wconf 77' lang='lat' dir='ltr'><strong>vitas</strong></span> 
     </span>
     <span class='ocr_line' id='line_1_22' title="bbox 116 2982 1136 3073; baseline 0.001 -20"><span class='ocrx_word' id='word_1_170' title='bbox 116 2990 218 3064; x_wconf 88' lang='lat' dir='ltr'><strong>diem,</strong></span> <span class='ocrx_word' id='word_1_171' title='bbox 239 2987 284 3051; x_wconf 84' lang='lat' dir='ltr'><strong>sic</strong></span> <span class='ocrx_word' id='word_1_172' title='bbox 297 2986 443 3061; x_wconf 90' lang='lat' dir='ltr'><strong>exercui,</strong></span> <span class='ocrx_word' id='word_1_173' title='bbox 464 2984 602 3046; x_wconf 90' lang='lat' dir='ltr'><strong>utillum</strong></span> <span class='ocrx_word' id='word_1_174' title='bbox 622 2982 786 3065; x_wconf 84' lang='lat' dir='ltr'><strong>juberem,</strong></span> <span class='ocrx_word' id='word_1_175' title='bbox 806 2987 908 3049; x_wconf 86' lang='lat' dir='ltr'><strong>vitare</strong></span> <span class='ocrx_word' id='word_1_176' title='bbox 927 3010 987 3051; x_wconf 89' lang='lat' dir='ltr'><strong>me.</strong></span> <span class='ocrx_word' id='word_1_177' title='bbox 1026 2989 1136 3073; x_wconf 76' lang='lat' dir='ltr'><strong>Atque</strong></span> 
     </span>
    </p>
   </div>
   <div class='ocr_carea' id='block_1_5' title="bbox 116 3084 1240 3168">
    <p class='ocr_par' dir='ltr' id='par_1_5' title="bbox 116 3084 1240 3168">
     <span class='ocr_line' id='line_1_23' title="bbox 116 3084 1240 3168; baseline -0.002 -14"><span class='ocrx_word' id='word_1_178' title='bbox 116 3091 159 3155; x_wconf 88' lang='lat' dir='ltr'><strong>ita</strong></span> <span class='ocrx_word' id='word_1_179' title='bbox 178 3098 320 3150; x_wconf 82' lang='lat' dir='ltr'><strong>versatus</strong></span> <span class='ocrx_word' id='word_1_180' title='bbox 351 3088 382 3147; x_wconf 92' lang='lat' dir='ltr'><strong>in</strong></span> <span class='ocrx_word' id='word_1_181' title='bbox 403 3086 534 3168; x_wconf 86' lang='lat' dir='ltr'><strong>negotio</strong></span> <span class='ocrx_word' id='word_1_182' title='bbox 562 3084 628 3160; x_wconf 83' lang='lat' dir='ltr'><strong>sui,</strong></span> <span class='ocrx_word' id='word_1_183' title='bbox 662 3096 697 3146; x_wconf 94' lang='lat' dir='ltr'><strong>ut</strong></span> <span class='ocrx_word' id='word_1_184' title='bbox 718 3106 736 3147; x_wconf 90' lang='lat' dir='ltr'><strong>a</strong></span> <span class='ocrx_word' id='word_1_185' title='bbox 754 3108 804 3148; x_wconf 92' lang='lat' dir='ltr'><strong>me</strong></span> <span class='ocrx_word' id='word_1_186' title='bbox 823 3108 947 3168; x_wconf 89' lang='lat' dir='ltr'><strong>semper</strong></span> <span class='ocrx_word' id='word_1_187' title='bbox 965 3089 1135 3168; x_wconf 82' lang='lat' dir='ltr'><strong>deteriora,</strong></span> <span class='ocrx_word' id='word_1_188' title='bbox 1237 3146 1240 3152; x_wconf 90' lang='lat'>.</span> 
     </span>
    </p>
   </div>
   <div class='ocr_carea' id='block_1_6' title="bbox 113 3184 1169 4484">
    <p class='ocr_par' dir='ltr' id='par_1_6' title="bbox 113 3184 1169 4484">
     <span class='ocr_line' id='line_1_24' title="bbox 119 3184 1136 3278; baseline 0.005 -26"><span class='ocrx_word' id='word_1_189' title='bbox 119 3213 213 3278; x_wconf 90' lang='lat' dir='ltr'><strong>quam</strong></span> <span class='ocrx_word' id='word_1_190' title='bbox 224 3191 262 3250; x_wconf 88' lang='lat' dir='ltr'><strong>ab</strong></span> <span class='ocrx_word' id='word_1_191' title='bbox 278 3190 348 3268; x_wconf 86' lang='lat' dir='ltr'><strong>ipso</strong></span> <span class='ocrx_word' id='word_1_192' title='bbox 360 3187 413 3248; x_wconf 90' lang='lat' dir='ltr'><strong>illo</strong></span> <span class='ocrx_word' id='word_1_193' title='bbox 426 3197 609 3265; x_wconf 86' lang='lat' dir='ltr'><strong>exspectare</strong></span> <span class='ocrx_word' id='word_1_194' title='bbox 620 3184 736 3248; x_wconf 89' lang='lat' dir='ltr'><strong>inimici</strong></span> <span class='ocrx_word' id='word_1_195' title='bbox 755 3184 824 3266; x_wconf 85' lang='lat' dir='ltr'><strong>ejus</strong></span> <span class='ocrx_word' id='word_1_196' title='bbox 838 3188 1022 3265; x_wconf 80' lang='lat' dir='ltr'><strong>habuerint,</strong></span> <span class='ocrx_word' id='word_1_197' title='bbox 1041 3191 1136 3257; x_wconf 81' lang='lat' dir='ltr'><strong>etiam</strong></span> 
     </span>
     <span class='ocr_line' id='line_1_25' title="bbox 114 3286 1135 3368; baseline -0.002 -11"><span class='ocrx_word' id='word_1_198' title='bbox 114 3292 263 3363; x_wconf 89' lang='lat' dir='ltr'><strong>tulerint;</strong></span> <span class='ocrx_word' id='word_1_199' title='bbox 282 3310 354 3350; x_wconf 88' lang='lat' dir='ltr'><strong>curn</strong></span> <span class='ocrx_word' id='word_1_200' title='bbox 373 3286 441 3368; x_wconf 90' lang='lat' dir='ltr'><strong>ipse</strong></span> <span class='ocrx_word' id='word_1_201' title='bbox 458 3286 582 3349; x_wconf 88' lang='lat' dir='ltr'><strong>interim</strong></span> <span class='ocrx_word' id='word_1_202' title='bbox 597 3299 702 3348; x_wconf 89' lang='lat' dir='ltr'><strong>sancte</strong></span> <span class='ocrx_word' id='word_1_203' title='bbox 722 3286 829 3368; x_wconf 87' lang='lat' dir='ltr'><strong>jurare</strong></span> <span class='ocrx_word' id='word_1_204' title='bbox 841 3301 967 3368; x_wconf 88' lang='lat' dir='ltr'><strong>posset,</strong></span> <span class='ocrx_word' id='word_1_205' title='bbox 987 3311 1021 3352; x_wconf 90' lang='lat' dir='ltr'><strong>se</strong></span> <span class='ocrx_word' id='word_1_206' title='bbox 1032 3292 1135 3356; x_wconf 82' lang='lat' dir='ltr'><strong>inscio</strong></span> 
     </span>
     <span class='ocr_line' id='line_1_26' title="bbox 116 3386 1135 3473; baseline -0.003 -15"><span class='ocrx_word' id='word_1_207' title='bbox 116 3397 204 3468; x_wconf 83' lang='lat' dir='ltr'><strong>fieri,</strong></span> <span class='ocrx_word' id='word_1_208' title='bbox 226 3413 294 3473; x_wconf 84' lang='lat' dir='ltr'><strong>quae</strong></span> <span class='ocrx_word' id='word_1_209' title='bbox 310 3389 354 3450; x_wconf 92' lang='lat' dir='ltr'><strong>illi</strong></span> <span class='ocrx_word' id='word_1_210' title='bbox 376 3411 392 3450; x_wconf 90' lang='lat' dir='ltr'><strong>a</strong></span> <span class='ocrx_word' id='word_1_211' title='bbox 410 3409 460 3449; x_wconf 89' lang='lat' dir='ltr'><strong>me</strong></span> <span class='ocrx_word' id='word_1_212' title='bbox 476 3386 639 3448; x_wconf 84' lang='lat' dir='ltr'><strong>commissa</strong></span> <span class='ocrx_word' id='word_1_213' title='bbox 656 3390 892 3470; x_wconf 88' lang='lat' dir='ltr'><strong>querebantur?</strong></span> <span class='ocrx_word' id='word_1_214' title='bbox 910 3393 1016 3471; x_wconf 86' lang='lat' dir='ltr'><strong>Quare</strong></span> <span class='ocrx_word' id='word_1_215' title='bbox 1032 3394 1135 3468; x_wconf 89' lang='lat' dir='ltr'><strong>etiam,</strong></span> 
     </span>
     <span class='ocr_line' id='line_1_27' title="bbox 117 3487 1134 3579; baseline -0.002 -22"><span class='ocrx_word' id='word_1_216' title='bbox 117 3494 298 3579; x_wconf 74' lang='lat' dir='ltr'><strong>quotidem</strong></span> <span class='ocrx_word' id='word_1_217' title='bbox 328 3489 387 3551; x_wconf 90' lang='lat' dir='ltr'><strong>illis</strong></span> <span class='ocrx_word' id='word_1_218' title='bbox 408 3509 472 3550; x_wconf 90' lang='lat' dir='ltr'><strong>non</strong></span> <span class='ocrx_word' id='word_1_219' title='bbox 493 3487 712 3550; x_wconf 85' lang='lat' dir='ltr'><strong>communicati</strong></span> <span class='ocrx_word' id='word_1_220' title='bbox 731 3511 838 3552; x_wconf 89' lang='lat' dir='ltr'><strong>secum</strong></span> <span class='ocrx_word' id='word_1_221' title='bbox 863 3492 985 3554; x_wconf 87' lang='lat' dir='ltr'><strong>consilii</strong></span> <span class='ocrx_word' id='word_1_222' title='bbox 1003 3494 1134 3568; x_wconf 84' lang='lat' dir='ltr'><strong>faceret,</strong></span> 
     </span>
     <span class='ocr_line' id='line_1_28' title="bbox 115 3589 1135 3681; baseline -0.001 -22"><span class='ocrx_word' id='word_1_223' title='bbox 115 3618 226 3681; x_wconf 88' lang='lat' dir='ltr'><strong>passus</strong></span> <span class='ocrx_word' id='word_1_224' title='bbox 246 3614 315 3654; x_wconf 79' lang='lat' dir='ltr'><strong>suin</strong></span> <span class='ocrx_word' id='word_1_225' title='bbox 336 3589 499 3652; x_wconf 88' lang='lat' dir='ltr'><strong>admoueri</strong></span> <span class='ocrx_word' id='word_1_226' title='bbox 518 3609 586 3663; x_wconf 89' lang='lat' dir='ltr'><strong>me,</strong></span> <span class='ocrx_word' id='word_1_227' title='bbox 614 3589 735 3670; x_wconf 89' lang='lat' dir='ltr'><strong>nequid</strong></span> <span class='ocrx_word' id='word_1_228' title='bbox 761 3613 821 3671; x_wconf 90' lang='lat' dir='ltr'><strong>pro</strong></span> <span class='ocrx_word' id='word_1_229' title='bbox 840 3613 875 3653; x_wconf 88' lang='lat' dir='ltr'><strong>se</strong></span> <span class='ocrx_word' id='word_1_230' title='bbox 895 3613 1043 3667; x_wconf 82' lang='lat' dir='ltr'><strong>conarer3</strong></span> <span class='ocrx_word' id='word_1_231' title='bbox 1063 3614 1135 3658; x_wconf 88' lang='lat' dir='ltr'><strong>cum</strong></span> 
     </span>
     <span class='ocr_line' id='line_1_29' title="bbox 118 3689 1136 3779; baseline -0.003 -18"><span class='ocrx_word' id='word_1_232' title='bbox 118 3719 181 3779; x_wconf 90' lang='lat' dir='ltr'><strong>ego</strong></span> <span class='ocrx_word' id='word_1_233' title='bbox 202 3716 307 3757; x_wconf 90' lang='lat' dir='ltr'><strong>meum</strong></span> <span class='ocrx_word' id='word_1_234' title='bbox 326 3715 377 3755; x_wconf 91' lang='lat' dir='ltr'><strong>me</strong></span> <span class='ocrx_word' id='word_1_235' title='bbox 403 3690 447 3752; x_wconf 92' lang='lat' dir='ltr'><strong>ibi</strong></span> <span class='ocrx_word' id='word_1_236' title='bbox 467 3689 632 3772; x_wconf 77' lang='lat' dir='ltr'><strong>negotium</strong></span> <span class='ocrx_word' id='word_1_237' title='bbox 660 3710 754 3771; x_wconf 86' lang='lat' dir='ltr'><strong>agere</strong></span> <span class='ocrx_word' id='word_1_238' title='bbox 774 3691 929 3768; x_wconf 88' lang='lat' dir='ltr'><strong>dicerem,</strong></span> <span class='ocrx_word' id='word_1_239' title='bbox 958 3693 1073 3757; x_wconf 90' lang='lat' dir='ltr'><strong>nullius</strong></span> <span class='ocrx_word' id='word_1_240' title='bbox 1092 3696 1136 3760; x_wconf 82' lang='lat' dir='ltr'><strong>al.</strong></span> 
     </span>
     <span class='ocr_line' id='line_1_30' title="bbox 113 3789 1169 3878; baseline -0.001 -17"><span class='ocrx_word' id='word_1_241' title='bbox 113 3802 234 3871; x_wconf 85' lang='lat' dir='ltr'><strong>terius,</strong></span> <span class='ocrx_word' id='word_1_242' title='bbox 256 3816 315 3856; x_wconf 90' lang='lat' dir='ltr'><strong>nec</strong></span> <span class='ocrx_word' id='word_1_243' title='bbox 334 3793 494 3873; x_wconf 89' lang='lat' dir='ltr'><strong>pertinere</strong></span> <span class='ocrx_word' id='word_1_244' title='bbox 515 3791 554 3850; x_wconf 88' lang='lat' dir='ltr'><strong>ad</strong></span> <span class='ocrx_word' id='word_1_245' title='bbox 578 3789 793 3871; x_wconf 85' lang='lat' dir='ltr'><strong>Capnionem,</strong></span> <span class='ocrx_word' id='word_1_246' title='bbox 816 3815 885 3873; x_wconf 87' lang='lat' dir='ltr'><strong>quae</strong></span> <span class='ocrx_word' id='word_1_247' title='bbox 908 3816 970 3878; x_wconf 83' lang='lat' dir='ltr'><strong>ego</strong></span> <span class='ocrx_word' id='word_1_248' title='bbox 985 3797 1133 3873; x_wconf 84' lang='lat' dir='ltr'><strong>facerem,</strong></span> <span class='ocrx_word' id='word_1_249' title='bbox 1165 3854 1169 3859; x_wconf 82' lang='grc'>.</span> 
     </span>
     <span class='ocr_line' id='line_1_31' title="bbox 115 3892 1135 3982; baseline -0.006 -18"><span class='ocrx_word' id='word_1_250' title='bbox 115 3901 173 3966; x_wconf 89' lang='lat' dir='ltr'><strong>sed</strong></span> <span class='ocrx_word' id='word_1_251' title='bbox 193 3921 261 3962; x_wconf 88' lang='lat' dir='ltr'><strong>mea</strong></span> <span class='ocrx_word' id='word_1_252' title='bbox 281 3917 391 3970; x_wconf 90' lang='lat' dir='ltr'><strong>causa,</strong></span> <span class='ocrx_word' id='word_1_253' title='bbox 411 3913 549 3976; x_wconf 89' lang='lat' dir='ltr'><strong>meoque</strong></span> <span class='ocrx_word' id='word_1_254' title='bbox 563 3892 632 3955; x_wconf 80' lang='lat' dir='ltr'><strong>lieri</strong></span> <span class='ocrx_word' id='word_1_255' title='bbox 651 3893 803 3972; x_wconf 90' lang='lat' dir='ltr'><strong>periculo.</strong></span> <span class='ocrx_word' id='word_1_256' title='bbox 844 3895 953 3977; x_wconf 90' lang='lat' dir='ltr'><strong>Itaque</strong></span> <span class='ocrx_word' id='word_1_257' title='bbox 973 3918 1135 3982; x_wconf 84' lang='lat' dir='ltr'><strong>nunquam</strong></span> 
     </span>
     <span class='ocr_line' id='line_1_32' title="bbox 115 3995 1135 4076; baseline 0 -12"><span class='ocrx_word' id='word_1_258' title='bbox 115 4002 294 4065; x_wconf 88' lang='lat' dir='ltr'><strong>habuerunt</strong></span> <span class='ocrx_word' id='word_1_259' title='bbox 321 4018 337 4057; x_wconf 90' lang='lat' dir='ltr'><strong>a</strong></span> <span class='ocrx_word' id='word_1_260' title='bbox 358 4017 407 4058; x_wconf 89' lang='lat' dir='ltr'><strong>me</strong></span> <span class='ocrx_word' id='word_1_261' title='bbox 429 4017 538 4076; x_wconf 85' lang='lat' dir='ltr'><strong>pacem</strong></span> <span class='ocrx_word' id='word_1_262' title='bbox 558 3995 715 4070; x_wconf 70' lang='lat' dir='ltr'><strong>scelerati,</strong></span> <span class='ocrx_word' id='word_1_263' title='bbox 745 3995 837 4057; x_wconf 89' lang='lat' dir='ltr'><strong>etiarn</strong></span> <span class='ocrx_word' id='word_1_264' title='bbox 859 4017 931 4058; x_wconf 89' lang='lat' dir='ltr'><strong>cunr</strong></span> <span class='ocrx_word' id='word_1_265' title='bbox 950 3996 989 4058; x_wconf 89' lang='lat' dir='ltr'><strong>ab</strong></span> <span class='ocrx_word' id='word_1_266' title='bbox 1008 3997 1061 4060; x_wconf 91' lang='lat' dir='ltr'><strong>illo</strong></span> <span class='ocrx_word' id='word_1_267' title='bbox 1081 4001 1135 4065; x_wconf 85' lang='lat' dir='ltr'><strong>ha·</strong></span> 
     </span>
     <span class='ocr_line' id='line_1_33' title="bbox 116 4096 1135 4182; baseline -0.001 -16"><span class='ocrx_word' id='word_1_268' title='bbox 116 4105 242 4167; x_wconf 85' lang='lat' dir='ltr'><strong>bebant.</strong></span> <span class='ocrx_word' id='word_1_269' title='bbox 267 4106 340 4177; x_wconf 81' lang='lat' dir='ltr'><strong>Quo</strong></span> <span class='ocrx_word' id='word_1_270' title='bbox 358 4121 420 4180; x_wconf 83' lang='lat' dir='ltr'><strong>ego</strong></span> <span class='ocrx_word' id='word_1_271' title='bbox 439 4099 638 4182; x_wconf 75' lang='lat' dir='ltr'><strong>quiescente,</strong></span> <span class='ocrx_word' id='word_1_272' title='bbox 660 4107 713 4157; x_wconf 90' lang='lat' dir='ltr'><strong>aut</strong></span> <span class='ocrx_word' id='word_1_273' title='bbox 727 4096 809 4158; x_wconf 86' lang='lat' dir='ltr'><strong>aliud</strong></span> <span class='ocrx_word' id='word_1_274' title='bbox 820 4109 945 4179; x_wconf 86' lang='lat' dir='ltr'><strong>agente,</strong></span> <span class='ocrx_word' id='word_1_275' title='bbox 962 4111 1010 4160; x_wconf 92' lang='lat' dir='ltr'><strong>sat</strong></span> <span class='ocrx_word' id='word_1_276' title='bbox 1023 4099 1135 4166; x_wconf 81' lang='lat' dir='ltr'><strong>odiose</strong></span> 
     </span>
     <span class='ocr_line' id='line_1_34' title="bbox 115 4198 1135 4283; baseline -0.003 -17"><span class='ocrx_word' id='word_1_277' title='bbox 115 4204 242 4267; x_wconf 89' lang='lat' dir='ltr'><strong>interim</strong></span> <span class='ocrx_word' id='word_1_278' title='bbox 263 4202 356 4264; x_wconf 82' lang='lat' dir='ltr'><strong>afflixi</strong></span> <span class='ocrx_word' id='word_1_279' title='bbox 377 4201 457 4262; x_wconf 87' lang='lat' dir='ltr'><strong>illos.</strong></span> <span class='ocrx_word' id='word_1_280' title='bbox 510 4201 572 4262; x_wconf 90' lang='lat' dir='ltr'><strong>Sed</strong></span> <span class='ocrx_word' id='word_1_281' title='bbox 595 4199 672 4283; x_wconf 91' lang='lat' dir='ltr'><strong>quid</strong></span> <span class='ocrx_word' id='word_1_282' title='bbox 692 4200 755 4260; x_wconf 85' lang='lat' dir='ltr'><strong>haec</strong></span> <span class='ocrx_word' id='word_1_283' title='bbox 775 4218 853 4279; x_wconf 81' lang='lat' dir='ltr'><strong>ego,</strong></span> <span class='ocrx_word' id='word_1_284' title='bbox 883 4198 972 4280; x_wconf 90' lang='lat' dir='ltr'><strong>quasi</strong></span> <span class='ocrx_word' id='word_1_285' title='bbox 989 4219 1135 4265; x_wconf 89' lang='lat' dir='ltr'><strong>meorum</strong></span> 
     </span>
     <span class='ocr_line' id='line_1_35' title="bbox 114 4297 1135 4386; baseline -0.014 -18"><span class='ocrx_word' id='word_1_286' title='bbox 114 4318 307 4379; x_wconf 88' lang='lat' dir='ltr'><strong>ostentator,</strong></span> <span class='ocrx_word' id='word_1_287' title='bbox 329 4304 413 4386; x_wconf 90' lang='lat' dir='ltr'><strong>apud</strong></span> <span class='ocrx_word' id='word_1_288' title='bbox 433 4313 475 4378; x_wconf 92' lang='lat' dir='ltr'><strong>te,</strong></span> <span class='ocrx_word' id='word_1_289' title='bbox 497 4299 604 4382; x_wconf 88' lang='lat' dir='ltr'><strong>quiin</strong></span> <span class='ocrx_word' id='word_1_290' title='bbox 624 4311 693 4361; x_wconf 90' lang='lat' dir='ltr'><strong>tuas</strong></span> <span class='ocrx_word' id='word_1_291' title='bbox 713 4300 801 4379; x_wconf 89' lang='lat' dir='ltr'><strong>prius</strong></span> <span class='ocrx_word' id='word_1_292' title='bbox 820 4297 924 4360; x_wconf 87' lang='lat' dir='ltr'><strong>literas</strong></span> <span class='ocrx_word' id='word_1_293' title='bbox 941 4300 1077 4362; x_wconf 88' lang='lat' dir='ltr'><strong>retulisti</strong></span> <span class='ocrx_word' id='word_1_294' title='bbox 1087 4311 1135 4365; x_wconf 81' lang='lat' dir='ltr'><strong>te.</strong></span> 
     </span>
     <span class='ocr_line' id='line_1_36' title="bbox 116 4399 1133 4484; baseline -0.005 -12"><span class='ocrx_word' id='word_1_295' title='bbox 116 4407 298 4472; x_wconf 86' lang='lat' dir='ltr'><strong>stimonium</strong></span> <span class='ocrx_word' id='word_1_296' title='bbox 319 4406 359 4468; x_wconf 86' lang='lat' dir='ltr'><strong>de</strong></span> <span class='ocrx_word' id='word_1_297' title='bbox 378 4427 447 4481; x_wconf 91' lang='lat' dir='ltr'><strong>me,</strong></span> <span class='ocrx_word' id='word_1_298' title='bbox 477 4404 512 4467; x_wconf 91' lang='lat' dir='ltr'><strong>id</strong></span> <span class='ocrx_word' id='word_1_299' title='bbox 531 4402 635 4484; x_wconf 87' lang='lat' dir='ltr'><strong>ipsum</strong></span> <span class='ocrx_word' id='word_1_300' title='bbox 654 4399 892 4475; x_wconf 85' lang='lat' dir='ltr'><strong>commendans,</strong></span> <span class='ocrx_word' id='word_1_301' title='bbox 912 4402 1001 4482; x_wconf 89' lang='lat' dir='ltr'><strong>quod</strong></span> <span class='ocrx_word' id='word_1_302' title='bbox 1019 4412 1133 4482; x_wconf 70' lang='lat' dir='ltr'><strong>preter</strong></span> 
     </span>
    </p>
   </div>
   <div class='ocr_carea' id='block_1_7' title="bbox 0 0 1314 5108">
    <p class='ocr_par' dir='ltr' id='par_1_7' title="bbox 0 0 1314 5108">
     <span class='ocr_line' id='line_1_37' title="bbox 0 0 1314 5108; baseline 0 0"><span class='ocrx_word' id='word_1_303' title='bbox 0 0 1314 5108; x_wconf 95' lang='lat' dir='ltr'><strong> </strong></span> 
     </span>
    </p>
   </div>
  </div>
 </body>
</html>
