<?xml version="1.0" encoding="UTF-8"?>
<!DOCTYPE html PUBLIC "-//W3C//DTD XHTML 1.0 Transitional//EN"
    "http://www.w3.org/TR/xhtml1/DTD/xhtml1-transitional.dtd">
<html xmlns="http://www.w3.org/1999/xhtml" xml:lang="en" lang="en">
 <head>
  <title>
</title>
<meta http-equiv="Content-Type" content="text/html;charset=utf-8" />
  <meta name='ocr-system' content='tesseract 3.04.00' />
  <meta name='ocr-capabilities' content='ocr_page ocr_carea ocr_par ocr_line ocrx_word'/>
</head>
<body>
  <div class='ocr_page' id='page_1' title='image "./ulrichiabhutten00mngoog_0573.png"; bbox 0 0 2618 5108; ppageno 0'>
   <div class='ocr_carea' id='block_1_1' title="bbox 620 1369 660 1449">
    <p class='ocr_par' dir='ltr' id='par_1_1' title="bbox 620 1369 660 1449">
     <span class='ocr_line' id='line_1_1' title="bbox 620 1369 660 1449; baseline 0 0"><span class='ocrx_word' id='word_1_1' title='bbox 620 1369 660 1449; x_wconf 81' lang='lat' dir='ltr'><strong>a)</strong></span> 
     </span>
    </p>
   </div>
   <div class='ocr_carea' id='block_1_2' title="bbox 176 1543 1092 1661">
    <p class='ocr_par' dir='ltr' id='par_1_2' title="bbox 176 1543 1092 1661">
     <span class='ocr_line' id='line_1_2' title="bbox 176 1543 1092 1661; baseline -0.004 -1"><span class='ocrx_word' id='word_1_2' title='bbox 176 1543 507 1661; x_wconf 74' lang='lat' dir='ltr'><strong>iudicium</strong></span> <span class='ocrx_word' id='word_1_3' title='bbox 548 1565 803 1658; x_wconf 83' lang='lat' dir='ltr'><strong>Erasmi</strong></span> <span class='ocrx_word' id='word_1_4' title='bbox 856 1556 1092 1658; x_wconf 79' lang='lat' dir='ltr'><strong>Albe‘ri</strong></span> 
     </span>
    </p>
   </div>
   <div class='ocr_carea' id='block_1_3' title="bbox 122 1751 1143 1858">
    <p class='ocr_par' dir='ltr' id='par_1_3' title="bbox 122 1751 1143 1858">
     <span class='ocr_line' id='line_1_3' title="bbox 122 1751 1143 1858; baseline -0.005 -28"><span class='ocrx_word' id='word_1_5' title='bbox 122 1758 185 1832; x_wconf 91' lang='lat' dir='ltr'><strong>de</strong></span> <span class='ocrx_word' id='word_1_6' title='bbox 235 1757 487 1858; x_wconf 80' lang='lat' dir='ltr'>Spongia</span> <span class='ocrx_word' id='word_1_7' title='bbox 534 1752 753 1831; x_wconf 85' lang='lat' dir='ltr'><strong>Eraami</strong></span> <span class='ocrx_word' id='word_1_8' title='bbox 802 1751 1143 1846; x_wconf 85' lang='lat' dir='ltr'><strong>Roterodami‚</strong></span> 
     </span>
    </p>
   </div>
   <div class='ocr_carea' id='block_1_4' title="bbox 206 1922 1068 2107">
    <p class='ocr_par' dir='ltr' id='par_1_4' title="bbox 206 1922 1068 2107">
     <span class='ocr_line' id='line_1_4' title="bbox 206 1922 1068 2012; baseline -0.002 -23"><span class='ocrx_word' id='word_1_9' title='bbox 206 1926 402 2012; x_wconf 75' lang='lat' dir='ltr'>adeoque,</span> <span class='ocrx_word' id='word_1_10' title='bbox 432 1936 632 2010; x_wconf 86' lang='lat' dir='ltr'><strong>quatenus</strong></span> <span class='ocrx_word' id='word_1_11' title='bbox 659 1923 722 1988; x_wconf 89' lang='lat' dir='ltr'><strong>illi</strong></span> <span class='ocrx_word' id='word_1_12' title='bbox 743 1922 963 1986; x_wconf 72' lang='lat' dir='ltr'><strong>vconveniat</strong></span> <span class='ocrx_word' id='word_1_13' title='bbox 982 1943 1068 1987; x_wconf 87' lang='lat' dir='ltr'><strong>cum</strong></span> 
     </span>
     <span class='ocr_line' id='line_1_5' title="bbox 384 2038 867 2107; baseline -0.002 -1"><span class='ocrx_word' id='word_1_14' title='bbox 384 2043 434 2107; x_wconf 87' lang='lat' dir='ltr'><strong>M.</strong></span> <span class='ocrx_word' id='word_1_15' title='bbox 461 2040 635 2106; x_wconf 86' lang='lat' dir='ltr'><strong>Lutheri</strong></span> <span class='ocrx_word' id='word_1_16' title='bbox 666 2038 867 2106; x_wconf 79' lang='lat' dir='ltr'><strong>doctrina.</strong></span> 
     </span>
    </p>
   </div>
   <div class='ocr_carea' id='block_1_5' title="bbox 122 2328 1167 2706">
    <p class='ocr_par' dir='ltr' id='par_1_5' title="bbox 122 2328 1167 2706">
     <span class='ocr_line' id='line_1_6' title="bbox 125 2328 1145 2425; baseline 0.001 -21"><span class='ocrx_word' id='word_1_17' title='bbox 125 2329 196 2405; x_wconf 89' lang='lat' dir='ltr'><strong>Suo</strong></span> <span class='ocrx_word' id='word_1_18' title='bbox 240 2333 275 2406; x_wconf 87' lang='lat' dir='ltr'><em>T</em></span> <span class='ocrx_word' id='word_1_19' title='bbox 271 2331 492 2425; x_wconf 62' lang='lat' dir='ltr'><strong>leudorico,</strong></span> <span class='ocrx_word' id='word_1_20' title='bbox 535 2328 797 2406; x_wconf 84' lang='lat' dir='ltr'><strong>Concionatori</strong></span> <span class='ocrx_word' id='word_1_21' title='bbox 828 2328 1145 2406; x_wconf 82' lang='lat' dir='ltr'><strong>Francosurdisno</strong></span> 
     </span>
     <span class='ocr_line' id='line_1_7' title="bbox 122 2467 1167 2562; baseline -0.001 -20"><span class='ocrx_word' id='word_1_22' title='bbox 122 2471 310 2542; x_wconf 79' lang='lat' dir='ltr'><strong>Erasmus</strong></span> <span class='ocrx_word' id='word_1_23' title='bbox 334 2469 496 2544; x_wconf 80' lang='lat' dir='ltr'><strong>Alberus</strong></span> <span class='ocrx_word' id='word_1_24' title='bbox 518 2471 668 2562; x_wconf 83' lang='lat' dir='ltr'><strong>Frater,</strong></span> <span class='ocrx_word' id='word_1_25' title='bbox 704 2492 780 2542; x_wconf 89' lang='lat' dir='ltr'><strong>non</strong></span> <span class='ocrx_word' id='word_1_26' title='bbox 804 2469 1056 2561; x_wconf 86' lang='lat' dir='ltr'><strong>Lutheranus,</strong></span> <span class='ocrx_word' id='word_1_27' title='bbox 1080 2467 1167 2543; x_wconf 87' lang='lat' dir='ltr'><strong>sed</strong></span> 
     </span>
     <span class='ocr_line' id='line_1_8' title="bbox 123 2604 1147 2706; baseline 0.002 -28"><span class='ocrx_word' id='word_1_28' title='bbox 123 2606 220 2706; x_wconf 79' lang='lat' dir='ltr'><strong>ejus,</strong></span> <span class='ocrx_word' id='word_1_29' title='bbox 247 2629 357 2702; x_wconf 89' lang='lat' dir='ltr'><strong>quem</strong></span> <span class='ocrx_word' id='word_1_30' title='bbox 382 2606 494 2682; x_wconf 90' lang='lat' dir='ltr'><strong>docet</strong></span> <span class='ocrx_word' id='word_1_31' title='bbox 507 2608 712 2699; x_wconf 85' lang='lat' dir='ltr'><strong>Lutherus,</strong></span> <span class='ocrx_word' id='word_1_32' title='bbox 737 2605 933 2706; x_wconf 85' lang='lat' dir='ltr'><strong>discipulus</strong></span> <span class='ocrx_word' id='word_1_33' title='bbox 948 2629 993 2680; x_wconf 79' lang='lat' dir='ltr'><strong>ex</strong></span> <span class='ocrx_word' id='word_1_34' title='bbox 1012 2604 1147 2698; x_wconf 83' lang='lat' dir='ltr'><strong>anime,</strong></span> 
     </span>
    </p>
   </div>
   <div class='ocr_carea' id='block_1_6' title="bbox 566 2745 673 2820">
    <p class='ocr_par' dir='ltr' id='par_1_6' title="bbox 566 2745 673 2820">
     <span class='ocr_line' id='line_1_9' title="bbox 566 2745 673 2820; baseline 0 -1"><span class='ocrx_word' id='word_1_35' title='bbox 566 2745 599 2819; x_wconf 89' lang='lat' dir='ltr'><strong>S.</strong></span> <span class='ocrx_word' id='word_1_36' title='bbox 624 2748 673 2820; x_wconf 89' lang='lat' dir='ltr'><strong>D.</strong></span> 
     </span>
    </p>
   </div>
   <div class='ocr_carea' id='block_1_7' title="bbox 118 3057 1165 4482">
    <p class='ocr_par' dir='ltr' id='par_1_7' title="bbox 118 3057 1165 4082">
     <span class='ocr_line' id='line_1_10' title="bbox 120 3057 1146 3176; baseline 0.01 -31"><span class='ocrx_word' id='word_1_37' title='bbox 120 3057 272 3152; x_wconf 76' lang='lat' dir='ltr'>Remitto</span> <span class='ocrx_word' id='word_1_38' title='bbox 292 3091 332 3154; x_wconf 84' lang='lat' dir='ltr'><strong>ad</strong></span> <span class='ocrx_word' id='word_1_39' title='bbox 353 3101 385 3152; x_wconf 86' lang='lat' dir='ltr'><strong>te</strong></span> <span class='ocrx_word' id='word_1_40' title='bbox 399 3086 586 3173; x_wconf 84' lang='lat' dir='ltr'><strong>Spongiam,</strong></span> <span class='ocrx_word' id='word_1_41' title='bbox 607 3092 728 3176; x_wconf 87' lang='lat' dir='ltr'><strong>optime</strong></span> <span class='ocrx_word' id='word_1_42' title='bbox 742 3102 959 3160; x_wconf 71' lang='lat' dir='ltr'><strong>Theodorias!</strong></span> <span class='ocrx_word' id='word_1_43' title='bbox 983 3091 1146 3176; x_wconf 76' lang='lat' dir='ltr'><strong>indignam</strong></span> 
     </span>
     <span class='ocr_line' id='line_1_11' title="bbox 121 3190 1148 3276; baseline 0.006 -27"><span class='ocrx_word' id='word_1_44' title='bbox 121 3209 198 3250; x_wconf 88' lang='lat' dir='ltr'><strong>sane</strong></span> <span class='ocrx_word' id='word_1_45' title='bbox 224 3205 286 3252; x_wconf 84' lang='lat' dir='ltr'><strong>tam</strong></span> <span class='ocrx_word' id='word_1_46' title='bbox 316 3190 381 3253; x_wconf 85' lang='lat' dir='ltr'><strong>leni</strong></span> <span class='ocrx_word' id='word_1_47' title='bbox 412 3191 515 3255; x_wconf 89' lang='lat' dir='ltr'><strong>titulo.</strong></span> <span class='ocrx_word' id='word_1_48' title='bbox 571 3196 666 3258; x_wconf 86' lang='lat' dir='ltr'><strong>Esset</strong></span> <span class='ocrx_word' id='word_1_49' title='bbox 691 3195 774 3260; x_wconf 86' lang='lat' dir='ltr'><strong>enim</strong></span> <span class='ocrx_word' id='word_1_50' title='bbox 805 3194 913 3258; x_wconf 80' lang='lat' dir='ltr'><strong>verius</strong></span> <span class='ocrx_word' id='word_1_51' title='bbox 943 3193 1148 3276; x_wconf 76' lang='lat' dir='ltr'><strong>appellanda:</strong></span> 
     </span>
     <span class='ocr_line' id='line_1_12' title="bbox 120 3289 1145 3379; baseline 0.005 -29"><span class='ocrx_word' id='word_1_52' title='bbox 120 3289 289 3366; x_wconf 82' lang='lat' dir='ltr'><strong>Stimulos,</strong></span> <span class='ocrx_word' id='word_1_53' title='bbox 310 3311 383 3354; x_wconf 88' lang='lat' dir='ltr'><strong>seu:</strong></span> <span class='ocrx_word' id='word_1_54' title='bbox 405 3294 561 3370; x_wconf 84' lang='lat' dir='ltr'><strong>Aculeus3</strong></span> <span class='ocrx_word' id='word_1_55' title='bbox 583 3295 740 3379; x_wconf 77' lang='lat' dir='ltr'><strong>siquidem</strong></span> <span class='ocrx_word' id='word_1_56' title='bbox 752 3291 906 3378; x_wconf 87' lang='lat' dir='ltr'><strong>proponit</strong></span> <span class='ocrx_word' id='word_1_57' title='bbox 917 3293 1011 3357; x_wconf 88' lang='lat' dir='ltr'><strong>nobis</strong></span> <span class='ocrx_word' id='word_1_58' title='bbox 1025 3301 1145 3359; x_wconf 71' lang='lat' dir='ltr'><strong>Lucas.</strong></span> 
     </span>
     <span class='ocr_line' id='line_1_13' title="bbox 121 3389 1146 3480; baseline 0.001 -28"><span class='ocrx_word' id='word_1_59' title='bbox 121 3415 213 3468; x_wconf 87' lang='lat' dir='ltr'><strong>rum,</strong></span> <span class='ocrx_word' id='word_1_60' title='bbox 238 3389 343 3453; x_wconf 83' lang='lat' dir='ltr'><strong>virum</strong></span> <span class='ocrx_word' id='word_1_61' title='bbox 374 3393 460 3455; x_wconf 86' lang='lat' dir='ltr'><strong>iilum</strong></span> <span class='ocrx_word' id='word_1_62' title='bbox 487 3394 627 3458; x_wconf 88' lang='lat' dir='ltr'><strong>omnium</strong></span> <span class='ocrx_word' id='word_1_63' title='bbox 654 3399 825 3480; x_wconf 88' lang='lat' dir='ltr'><strong>optimum,</strong></span> <span class='ocrx_word' id='word_1_64' title='bbox 858 3392 1041 3458; x_wconf 75' lang='lat' dir='ltr'><strong>Christiana·</strong></span> <span class='ocrx_word' id='word_1_65' title='bbox 1060 3390 1146 3454; x_wconf 85' lang='lat' dir='ltr'><strong>veri·</strong></span> 
     </span>
     <span class='ocr_line' id='line_1_14' title="bbox 119 3488 1145 3580; baseline 0 -29"><span class='ocrx_word' id='word_1_66' title='bbox 119 3490 191 3553; x_wconf 86' lang='lat' dir='ltr'><strong>tatis</strong></span> <span class='ocrx_word' id='word_1_67' title='bbox 211 3493 406 3555; x_wconf 80' lang='lat' dir='ltr'><strong>adsertorem</strong></span> <span class='ocrx_word' id='word_1_68' title='bbox 425 3492 681 3574; x_wconf 81' lang='lat' dir='ltr'><strong>invictissimum,</strong></span> <span class='ocrx_word' id='word_1_69' title='bbox 703 3497 915 3580; x_wconf 86' lang='lat' dir='ltr'><strong>omnibusque</strong></span> <span class='ocrx_word' id='word_1_70' title='bbox 933 3492 994 3576; x_wconf 91' lang='lat' dir='ltr'><strong>piis</strong></span> <span class='ocrx_word' id='word_1_71' title='bbox 1015 3488 1145 3553; x_wconf 87' lang='lat' dir='ltr'><strong>indubi-</strong></span> 
     </span>
     <span class='ocr_line' id='line_1_15' title="bbox 119 3591 1165 3680; baseline -0.001 -26"><span class='ocrx_word' id='word_1_72' title='bbox 119 3591 322 3671; x_wconf 82' lang='lat' dir='ltr'><strong>tatissimum,</strong></span> <span class='ocrx_word' id='word_1_73' title='bbox 365 3594 466 3657; x_wconf 81' lang='lat' dir='ltr'><strong>veluti</strong></span> <span class='ocrx_word' id='word_1_74' title='bbox 495 3616 612 3658; x_wconf 83' lang='lat' dir='ltr'><strong>vanum</strong></span> <span class='ocrx_word' id='word_1_75' title='bbox 643 3597 822 3680; x_wconf 80' lang='lat' dir='ltr'><strong>quempiam</strong></span> <span class='ocrx_word' id='word_1_76' title='bbox 851 3617 888 3658; x_wconf 87' lang='lat' dir='ltr'><strong>ae</strong></span> <span class='ocrx_word' id='word_1_77' title='bbox 915 3592 1165 3656; x_wconf 87' lang='lat' dir='ltr'><strong>tumultuosum</strong></span> 
     </span>
     <span class='ocr_line' id='line_1_16' title="bbox 118 3694 1147 3782; baseline 0 -26"><span class='ocrx_word' id='word_1_78' title='bbox 118 3694 288 3757; x_wconf 87' lang='lat' dir='ltr'><strong>hominem.</strong></span> <span class='ocrx_word' id='word_1_79' title='bbox 327 3695 453 3772; x_wconf 89' lang='lat' dir='ltr'><strong>Video,</strong></span> <span class='ocrx_word' id='word_1_80' title='bbox 479 3696 622 3758; x_wconf 86' lang='lat' dir='ltr'><strong>nondum</strong></span> <span class='ocrx_word' id='word_1_81' title='bbox 642 3697 818 3782; x_wconf 77' lang='lat' dir='ltr'><strong>intelligere</strong></span> <span class='ocrx_word' id='word_1_82' title='bbox 837 3708 1030 3769; x_wconf 82' lang='lat' dir='ltr'><strong>Erasmum,</strong></span> <span class='ocrx_word' id='word_1_83' title='bbox 1051 3711 1147 3774; x_wconf 74' lang='lat' dir='ltr'><strong>quam</strong></span> 
     </span>
     <span class='ocr_line' id='line_1_17' title="bbox 119 3793 1146 3880; baseline 0.002 -26"><span class='ocrx_word' id='word_1_84' title='bbox 119 3814 185 3855; x_wconf 87' lang='lat' dir='ltr'><strong>uon</strong></span> <span class='ocrx_word' id='word_1_85' title='bbox 205 3795 306 3875; x_wconf 80' lang='lat' dir='ltr'><strong>possit</strong></span> <span class='ocrx_word' id='word_1_86' title='bbox 326 3796 542 3877; x_wconf 83' lang='lat' dir='ltr'><strong>Evangelium.</strong></span> <span class='ocrx_word' id='word_1_87' title='bbox 556 3808 670 3879; x_wconf 84' lang='lat' dir='ltr'><strong>praeter</strong></span> <span class='ocrx_word' id='word_1_88' title='bbox 688 3801 854 3863; x_wconf 86' lang='lat' dir='ltr'><strong>tumultum</strong></span> <span class='ocrx_word' id='word_1_89' title='bbox 876 3793 1038 3880; x_wconf 84' lang='lat' dir='ltr'><strong>praedicari</strong></span> <span class='ocrx_word' id='word_1_90' title='bbox 1056 3812 1146 3856; x_wconf 78' lang='lat' dir='ltr'><strong>vere.</strong></span> 
     </span>
     <span class='ocr_line' id='line_1_18' title="bbox 119 3895 1144 3982; baseline -0.001 -28"><span class='ocrx_word' id='word_1_91' title='bbox 119 3895 186 3955; x_wconf 88' lang='lat' dir='ltr'><strong>Ah!</strong></span> <span class='ocrx_word' id='word_1_92' title='bbox 219 3895 287 3956; x_wconf 75' lang='grc' dir='ltr'><strong>ΑΜ</strong></span> <span class='ocrx_word' id='word_1_93' title='bbox 319 3897 439 3978; x_wconf 79' lang='lat' dir='ltr'><strong>refugit</strong></span> <span class='ocrx_word' id='word_1_94' title='bbox 466 3918 593 3960; x_wconf 86' lang='lat' dir='ltr'><strong>crucem</strong></span> <span class='ocrx_word' id='word_1_95' title='bbox 623 3900 790 3976; x_wconf 83' lang='lat' dir='ltr'><strong>Erasmus,</strong></span> <span class='ocrx_word' id='word_1_96' title='bbox 824 3919 918 3982; x_wconf 59' lang='lat' dir='ltr'><strong>wem</strong></span> <span class='ocrx_word' id='word_1_97' title='bbox 947 3908 1050 3958; x_wconf 86' lang='lat' dir='ltr'><strong>tamen</strong></span> <span class='ocrx_word' id='word_1_98' title='bbox 1075 3912 1144 3954; x_wconf 85' lang='lat' dir='ltr'><strong>non</strong></span> 
     </span>
     <span class='ocr_line' id='line_1_19' title="bbox 121 3994 1143 4082; baseline -0.004 -25"><span class='ocrx_word' id='word_1_99' title='bbox 121 3994 312 4076; x_wconf 78' lang='lat' dir='ltr'><strong>dedignatus</strong></span> <span class='ocrx_word' id='word_1_100' title='bbox 338 4007 386 4059; x_wconf 85' lang='lat' dir='ltr'><strong>est</strong></span> <span class='ocrx_word' id='word_1_101' title='bbox 405 3997 491 4059; x_wconf 79' lang='lat' dir='ltr'><strong>ferre</strong></span> <span class='ocrx_word' id='word_1_102' title='bbox 514 3998 576 4060; x_wconf 89' lang='lat' dir='ltr'><strong>Dei</strong></span> <span class='ocrx_word' id='word_1_103' title='bbox 596 3999 694 4074; x_wconf 83' lang='lat' dir='ltr'><strong>filius,</strong></span> <span class='ocrx_word' id='word_1_104' title='bbox 715 3998 864 4082; x_wconf 81' lang='lat' dir='ltr'><strong>magister</strong></span> <span class='ocrx_word' id='word_1_105' title='bbox 884 4007 1013 4069; x_wconf 85' lang='lat' dir='ltr'><strong>noster,</strong></span> <span class='ocrx_word' id='word_1_106' title='bbox 1045 4004 1076 4056; x_wconf 87' lang='lat' dir='ltr'><strong>et</strong></span> <span class='ocrx_word' id='word_1_107' title='bbox 1096 4003 1143 4054; x_wconf 82' lang='lat' dir='ltr'><strong>ta-</strong></span> 
     </span>
    </p>

    <p class='ocr_par' dir='ltr' id='par_1_8' title="bbox 120 4093 1140 4178">
     <span class='ocr_line' id='line_1_20' title="bbox 120 4093 1140 4178; baseline -0.005 -19"><span class='ocrx_word' id='word_1_108' title='bbox 120 4116 193 4159; x_wconf 89' lang='lat' dir='ltr'><strong>men</strong></span> <span class='ocrx_word' id='word_1_109' title='bbox 213 4115 280 4156; x_wconf 86' lang='lat' dir='ltr'><strong>non</strong></span> <span class='ocrx_word' id='word_1_110' title='bbox 300 4105 348 4156; x_wconf 86' lang='lat' dir='ltr'><strong>est</strong></span> <span class='ocrx_word' id='word_1_111' title='bbox 367 4115 480 4159; x_wconf 71' lang='lat' dir='ltr'><strong>seruis</strong></span> <span class='ocrx_word' id='word_1_112' title='bbox 498 4095 600 4178; x_wconf 82' lang='lat' dir='ltr'><strong>major</strong></span> <span class='ocrx_word' id='word_1_113' title='bbox 620 4099 750 4161; x_wconf 89' lang='lat' dir='ltr'><strong>domino</strong></span> <span class='ocrx_word' id='word_1_114' title='bbox 766 4120 838 4162; x_wconf 91' lang='lat' dir='ltr'><strong>suo.</strong></span> <span class='ocrx_word' id='word_1_115' title='bbox 877 4099 1025 4158; x_wconf 86' lang='lat' dir='ltr'><strong>Erasmus</strong></span> <span class='ocrx_word' id='word_1_116' title='bbox 1044 4093 1140 4155; x_wconf 87' lang='lat' dir='ltr'><strong>nemi·</strong></span> 
     </span>
    </p>

    <p class='ocr_par' dir='ltr' id='par_1_9' title="bbox 118 4191 1143 4482">
     <span class='ocr_line' id='line_1_21' title="bbox 119 4191 1143 4279; baseline -0.006 -21"><span class='ocrx_word' id='word_1_117' title='bbox 119 4216 191 4258; x_wconf 83' lang='lat' dir='ltr'><strong>nem</strong></span> <span class='ocrx_word' id='word_1_118' title='bbox 218 4196 333 4257; x_wconf 86' lang='lat' dir='ltr'><strong>laedere</strong></span> <span class='ocrx_word' id='word_1_119' title='bbox 361 4197 445 4271; x_wconf 83' lang='lat' dir='ltr'><strong>vult,</strong></span> <span class='ocrx_word' id='word_1_120' title='bbox 476 4199 600 4279; x_wconf 87' lang='lat' dir='ltr'><strong>placere</strong></span> <span class='ocrx_word' id='word_1_121' title='bbox 626 4209 731 4262; x_wconf 88' lang='lat' dir='ltr'><strong>autem</strong></span> <span class='ocrx_word' id='word_1_122' title='bbox 761 4197 925 4274; x_wconf 87' lang='lat' dir='ltr'><strong>omnibus,</strong></span> <span class='ocrx_word' id='word_1_123' title='bbox 953 4197 1021 4257; x_wconf 80' lang='lat' dir='ltr'><strong>vult</strong></span> <span class='ocrx_word' id='word_1_124' title='bbox 1045 4191 1143 4273; x_wconf 86' lang='lat' dir='ltr'><strong>igitur</strong></span> 
     </span>
     <span class='ocr_line' id='line_1_22' title="bbox 119 4290 1143 4382; baseline -0.01 -21"><span class='ocrx_word' id='word_1_125' title='bbox 119 4295 221 4377; x_wconf 82' lang='lat' dir='ltr'><strong>major</strong></span> <span class='ocrx_word' id='word_1_126' title='bbox 259 4319 328 4359; x_wconf 85' lang='lat' dir='ltr'><strong>esse</strong></span> <span class='ocrx_word' id='word_1_127' title='bbox 359 4295 489 4359; x_wconf 89' lang='lat' dir='ltr'><strong>domino</strong></span> <span class='ocrx_word' id='word_1_128' title='bbox 529 4319 608 4375; x_wconf 84' lang='lat' dir='ltr'><strong>suo,</strong></span> <span class='ocrx_word' id='word_1_129' title='bbox 648 4300 705 4382; x_wconf 89' lang='lat' dir='ltr'><strong>qui</strong></span> <span class='ocrx_word' id='word_1_130' title='bbox 734 4318 806 4362; x_wconf 85' lang='lat' dir='ltr'><strong>sese</strong></span> <span class='ocrx_word' id='word_1_131' title='bbox 841 4297 963 4380; x_wconf 88' lang='lat' dir='ltr'><strong>ubique</strong></span> <span class='ocrx_word' id='word_1_132' title='bbox 996 4290 1143 4356; x_wconf 87' lang='lat' dir='ltr'><strong>omnibus</strong></span> 
     </span>
     <span class='ocr_line' id='line_1_23' title="bbox 118 4389 1135 4482; baseline -0.007 -21"><span class='ocrx_word' id='word_1_133' title='bbox 118 4396 311 4463; x_wconf 83' lang='lat' dir='ltr'><strong>invidiosum</strong></span> <span class='ocrx_word' id='word_1_134' title='bbox 348 4397 495 4462; x_wconf 88' lang='lat' dir='ltr'><strong>reddidit.</strong></span> <span class='ocrx_word' id='word_1_135' title='bbox 547 4398 757 4482; x_wconf 83' lang='lat' dir='ltr'><strong>Evangelium</strong></span> <span class='ocrx_word' id='word_1_136' title='bbox 795 4397 873 4463; x_wconf 90' lang='lat' dir='ltr'><strong>illud</strong></span> <span class='ocrx_word' id='word_1_137' title='bbox 905 4407 1015 4461; x_wconf 84' lang='lat' dir='ltr'><strong>natura</strong></span> <span class='ocrx_word' id='word_1_138' title='bbox 1052 4389 1135 4456; x_wconf 83' lang='lat' dir='ltr'><strong>sodi·</strong></span> 
     </span>
    </p>
   </div>
   <div class='ocr_carea' id='block_1_8' title="bbox 0 0 1314 5108">
    <p class='ocr_par' dir='ltr' id='par_1_10' title="bbox 0 0 1314 5108">
     <span class='ocr_line' id='line_1_24' title="bbox 0 0 1314 5108; baseline 0 1"><span class='ocrx_word' id='word_1_139' title='bbox 0 0 1314 5108; x_wconf 95' lang='lat' dir='ltr'><strong> </strong></span> 
     </span>
    </p>
   </div>
  </div>
 </body>
</html>
