2618 5108
314 713 510 831 'adversus
534 751 772 852 adspergioes
797 745 970 841 Htitteni..
1071 692 1159 835 ⁸llll

141 950 175 1004 et
191 941 386 1023 Evangelico
400 943 541 1022 negotio.
580 944 621 1006 Ut
636 946 866 1011 Germanorum
879 943 1045 1011 amicitiam
1058 946 1160 1009 libens
1216 978 1223 991 ·

141 1044 300 1122 ampiexus
320 1061 407 1116 sum,
428 1041 486 1117 ita,
511 1045 608 1123 gratia
624 1045 771 1125 Superis,
791 1048 905 1110 nullius
921 1067 1003 1130 egeo
1016 1047 1161 1130 benigni·

141 1152 215 1207 tote.
253 1143 324 1223 Ego
351 1163 512 1224 nunquam
539 1143 652 1223 jactavi
679 1167 784 1208 mores
814 1169 923 1223 meos,
956 1159 988 1208 et
1017 1147 1184 1230 quotidie¹

142 1240 292 1304 cumillis
310 1241 416 1317 sinor,
437 1234 530 1304 etiam
556 1265 673 1306 senex:
706 1249 830 1328 getrtleo
850 1259 950 1309 tauten
972 1268 1040 1311 esse
1061 1266 1160 1325 putes

142 1342 182 1404 ab
201 1342 248 1404 his
267 1341 366 1417 vitiis,
388 1364 457 1424 qua
476 1342 549 1405 mihi
564 1344 691 1425 largiter
706 1346 814 1408 tribuit
826 1349 1001 1421 idomenus,
1023 1347 1055 1409 id
1071 1346 1173 1430 quod.

142 1441 282 1504 omnium
312 1435 490 1505 testimonio
519 1445 655 1523 probare
687 1466 832 1525 possum,
860 1447 1048 1528 quibuscum
1073 1445 1160 1517 faoti-

141 1542 258 1605 liariter
279 1543 357 1605 vixi.
395 1544 537 1606 Primum
557 1546 629 1607 lacit
647 1567 698 1608 me
718 1546 799 1608 adeo
815 1547 1044 1622 meticulosum,
1063 1548 1159 1610 adeo·

143 1664 206 1727 que
227 1643 341 1707 infirmi
370 1644 480 1720 animi,
515 1658 550 1708 ut
578 1667 678 1708 meam
702 1648 801 1727 ipsius
820 1646 961 1709 umbram
987 1669 1074 1727 paene
1094 1667 1159 1713 me·

142 1754 236 1807 tuam
274 1745 316 1807 Aa
335 1745 494 1807 Huttenus
512 1746 689 1820 meminisse
710 1748 814 1822 debet,
828 1749 996 1828 plurimum
1009 1750 1160 1817 interesse

145 1843 227 1906 inter
245 1843 463 1907 fortitudinem
487 1867 523 1908 ao
552 1850 766 1910 temeritatem.
806 1849 962 1923 Tentare,
985 1849 1074 1930 quod
1093 1868 1159 1921 uon

144 1947 248 2026 possis
267 1947 408 2019 efficere,
435 1967 629 2026 provocare,
658 1969 740 2031 quos
759 1967 899 2030 nequeas
918 1969 1085 2022 coercere,
1105 1948 1160 2019 de·

147 2045 263 2106 mentia
283 2057 344 2120 est,
365 2066 430 2108 non
450 2046 617 2110 lortitudo.
654 2049 712 2110 Est
731 2049 872 2130 quedam
891 2048 1075 2129 gladiatoria
1092 2047 1161 2116 lor·

145 2146 265 2218 titudo,
307 2165 376 2226 qua
409 2144 441 2207 io
470 2166 603 2210 nervum
631 2147 778 2228 erumpit.
828 2148 1007 2212 Prudenter
1036 2146 1161 2227 scripsit
1230 2197 1234 2207 .

141 2245 277 2324 Lyrieus
295 2257 419 2307 noster:
442 2245 499 2309 Vis
519 2246 640 2309 cornilii
659 2266 774 2328 expers
794 2249 877 2311 mole
897 2249 961 2311 ruit
979 2269 1045 2310 sua.
1083 2248 1159 2317 vin

142 2356 343 2426 temperatam
363 2345 417 2407 Dii
430 2343 566 2429 'quoque
587 2351 766 2428 provehunt
784 2349 817 2410 in
836 2349 948 2426 majus.
985 2351 1027 2410 Et
1046 2361 1159 2424 tamen,

140 2447 167 2509 si
186 2448 257 2528 quis
275 2446 447 2527 perpendat
464 2446 654 2522 libertatem,
676 2470 744 2531 quaa
756 2461 803 2512 est
812 2448 844 2509 in
855 2447 941 2511 libris
953 2449 1048 2525 meis,
1068 2449 1159 2525 citius

140 2548 254 2610 alicubi
273 2569 322 2610 me
342 2548 499 2610 damnabit
518 2547 720 2623 temeritatisl
742 2568 835 2630 quom
854 2548 1035 2610 timiditatis.
1073 2547 1169 2613 Vide.

139 2670 234 2722 vero,
255 2670 348 2732 quant
364 2647 469 2711 studio
486 2659 533 2709 est
551 2647 693 2729 iniquus!
715 2649 874 2710 Huttentta
885 2649 964 2727 ipse,
977 2648 1043 2709 talis
1058 2645 1158 2729 qualis

140 2769 225 2811 nunc
244 2748 336 2810 etiam
356 2759 422 2825 est,
443 2750 509 2810 vult
528 2748 636 2811 baberi
654 2746 878 2822 lomuidabilis‚
910 2758 942 2810 et
960 2768 1010 2808 me
1029 2746 1160 2822 meticu-

140 2850 243 2911 losum
263 2861 370 2924 vocat,
391 2849 479 2932 quod
499 2847 653 2911 Cesarem
672 2868 710 2910 ac
722 2846 1064 2933 Pontificemqmetuam
1081 2846 1160 2920 eitra

139 2949 278 3013 veritatis
303 2949 499 3030 Euangeliou
520 2947 745 3030 proditionem.
782 2949 872 3029 lpse,
889 2969 961 3011 cum
976 2959 1058 3011 esset
1078 2950 1160 3021 Bru·

139 3052 245 3125 xellae,
279 3056 344 3109 nort
362 3070 455 3111 ausus
474 3059 522 3112 est
541 3048 601 3111 illic
619 3069 763 3124 manere,
794 3048 883 3132 quod
902 3051 1018 3125 alacer,
1037 3060 1073 3111 ut
1091 3049 1159 3130 ipae

68 3218 71 3222 Α
134 3159 205 3209 tum
222 3148 383 3218 narrabat.
400 3147 588 3211 occurrisset
600 3150 825 3224 Hoehstratus‚
848 3148 982 3232 quitum
994 3171 1052 3213 uec
1063 3150 1158 3217 Prior

140 3260 224 3325 erat,
253 3269 313 3311 nee
343 3248 533 3331 Inquisitor,
563 3270 624 3312 ueo
652 3250 720 3313 ullis
742 3249 835 3314 bullis
865 3260 919 3312 aut
937 3249 1157 3331 diplomatibus

141 3342 323 3413 instructus.
362 3347 418 3410 llle
436 3349 482 3411 sio
499 3350 657 3412 metuebat
675 3362 868 3413 exarmatum
887 3350 1048 3424 Leonem,
1067 3358 1103 3419 ut
1123 3370 1167 3429 se¹

140 3452 350 3527 subdoceret13
388 3460 420 3512 et
455 3472 518 3533 ego
548 3453 750 3515 meticulosus
780 3470 867 3525 sum,
911 3449 938 3512 si
967 3468 1033 3517 non
1057 3447 1157 3519 stultis

141 3552 295 3617 conviciis
315 3553 437 3637 ubique
463 3571 607 3633 provoco
634 3562 681 3615 tot
710 3552 832 3624 hostes,
865 3549 921 3629 qui
939 3547 1012 3612 mihi
1034 3559 1066 3616 et
1085 3558 1156 3611 autc

142 3656 320 3718 Lutherum
352 3655 430 3716 male
449 3652 616 3729 volebant,
647 3671 733 3714 nunc
750 3662 802 3713 tot
817 3648 948 3725 edictis,
983 3659 1029 3711 tot
1050 3646 1150 3725 bullit,

134 3765 237 3835 ¹atque
261 3753 361 3816 etiam·
373 3754 518 3817 satellitio
538 3755 693 3817 armatos!
724 3751 892 3815 Prudentis
920 3761 969 3814 ast
989 3747 1155 3832 aliquando

139 3863 302 3927 metuere,
333 3874 376 3916 ne
400 3865 538 3928 metum
557 3853 691 3941 quodsi
711 3850 838 3915 lecisset
859 3853 1038 3924 Huttenus,
1071 3869 1154 3919 notet

139 3969 206 4012 nou
236 3962 391 4013 metueret
419 3954 544 4028 omnia,
575 3955 633 4016 aed
658 3964 741 4017 esset
770 3972 860 4015 carus
886 3949 1063 4034 plerisque,
1089 3968 1153 4021 aue·

140 4052 279 4114 tuendus
297 4051 413 4115 multis.
452 4055 566 4137 Neque
584 4054 731 4138 cuiquam
749 4051 883 4117 feliciter
903 4049 1014 4124 cessit,
1033 4050 1153 4119 bostem

139 4175 232 4218 suum
249 4153 484 4236 contempsisse.
522 4156 608 4237 Quid
623 4155 752 4218 liberius
767 4154 870 4219 libello
894 4153 952 4231 „tle
965 4149 1113 4231 Principe
1122 4149 1153 4212 p«

137 4256 221 4318 Eum
241 4276 303 4338 ego
324 4252 442 4319 Carolo
462 4255 580 4320 cesari
599 4254 631 4317 io
650 4274 776 4318 manum
793 4253 877 4317 dedi.
915 4252 1077 4319 Hactenus
1095 4248 1154 4321 §llll

136 4356 230 4420 lestis
264 4346 405 4433 uidetur,
439 4357 467 4420 si
495 4375 537 4418 ax
557 4358 673 4437 aogtrlq
705 4353 855 4437 quopiam
877 4352 996 4429 <lienus
1026 4349 1156 4433 dlqtttttl
