<?xml version="1.0" encoding="UTF-8"?>
<!DOCTYPE html PUBLIC "-//W3C//DTD XHTML 1.0 Transitional//EN"
    "http://www.w3.org/TR/xhtml1/DTD/xhtml1-transitional.dtd">
<html xmlns="http://www.w3.org/1999/xhtml" xml:lang="en" lang="en">
 <head>
  <title>
</title>
<meta http-equiv="Content-Type" content="text/html;charset=utf-8" />
  <meta name='ocr-system' content='tesseract 3.04.00' />
  <meta name='ocr-capabilities' content='ocr_page ocr_carea ocr_par ocr_line ocrx_word'/>
</head>
<body>
  <div class='ocr_page' id='page_1' title='image "./ulrichiabhutten00mngoog_0504.png"; bbox 0 0 2618 5108; ppageno 0'>
   <div class='ocr_carea' id='block_1_1' title="bbox 0 1694 3 2265">
    <p class='ocr_par' dir='ltr' id='par_1_1' title="bbox 0 1694 3 2265">
     <span class='ocr_line' id='line_1_1' title="bbox 0 1694 3 2265; baseline 0 0"><span class='ocrx_word' id='word_1_1' title='bbox 0 1694 3 2265; x_wconf 95' lang='lat' dir='ltr'> </span> 
     </span>
    </p>
   </div>
   <div class='ocr_carea' id='block_1_2' title="bbox 246 838 916 946">
    <p class='ocr_par' dir='ltr' id='par_1_2' title="bbox 246 838 916 954">
     <span class='ocr_line' id='line_1_2' title="bbox 246 838 916 946; baseline -0.019 -17"><span class='ocrx_word' id='word_1_2' title='bbox 246 846 322 929; x_wconf 67' lang='lat' dir='ltr'>dib</span> <span class='ocrx_word' id='word_1_3' title='bbox 586 840 751 946; x_wconf 79' lang='lat' dir='ltr'>Spongia</span> <span class='ocrx_word' id='word_1_4' title='bbox 772 838 916 920; x_wconf 75' lang='lat' dir='ltr'>Ereaud</span> 
     </span>
    </p>
   </div>
   <div class='ocr_carea' id='block_1_3' title="bbox 247 1031 1269 1123">
    <p class='ocr_par' dir='ltr' id='par_1_3' title="bbox 247 1031 1269 1123">
     <span class='ocr_line' id='line_1_3' title="bbox 247 1031 1269 1123; baseline -0.003 -19"><span class='ocrx_word' id='word_1_5' title='bbox 247 1039 379 1104; x_wconf 85' lang='lat' dir='ltr'>cabatur</span> <span class='ocrx_word' id='word_1_6' title='bbox 418 1035 556 1123; x_wconf 85' lang='lat' dir='ltr'>aliquid,</span> <span class='ocrx_word' id='word_1_7' title='bbox 590 1056 652 1100; x_wconf 88' lang='lat' dir='ltr'>neo</span> <span class='ocrx_word' id='word_1_8' title='bbox 688 1032 893 1101; x_wconf 77' lang='lat' dir='ltr'>merebatur?</span> <span class='ocrx_word' id='word_1_9' title='bbox 947 1031 1057 1117; x_wconf 75' lang='lat' dir='ltr'>Atmre</span> <span class='ocrx_word' id='word_1_10' title='bbox 1093 1033 1145 1098; x_wconf 86' lang='lat' dir='ltr'>bie</span> <span class='ocrx_word' id='word_1_11' title='bbox 1183 1031 1269 1101; x_wconf 87' lang='lat' dir='ltr'>inter</span> 
     </span>
    </p>
   </div>
   <div class='ocr_carea' id='block_1_4' title="bbox 162 1132 1283 3924">
    <p class='ocr_par' dir='ltr' id='par_1_4' title="bbox 162 1132 1283 3924">
     <span class='ocr_line' id='line_1_4' title="bbox 248 1132 1268 1221; baseline -0.005 -17"><span class='ocrx_word' id='word_1_12' title='bbox 248 1139 408 1221; x_wconf 72' lang='lat' dir='ltr'>scytalen</span> <span class='ocrx_word' id='word_1_13' title='bbox 434 1158 533 1203; x_wconf 75' lang='lat' dir='ltr'>rocca</span> <span class='ocrx_word' id='word_1_14' title='bbox 565 1135 698 1221; x_wconf 68' lang='lat' dir='ltr'>insignis</span> <span class='ocrx_word' id='word_1_15' title='bbox 735 1132 933 1200; x_wconf 74' lang='lat' dir='ltr'>immanitati·</span> <span class='ocrx_word' id='word_1_16' title='bbox 961 1143 1057 1198; x_wconf 84' lang='lat' dir='ltr'>teatea</span> <span class='ocrx_word' id='word_1_17' title='bbox 1089 1134 1196 1205; x_wconf 67' lang='lat' dir='ltr'>eliam,</span> <span class='ocrx_word' id='word_1_18' title='bbox 1215 1135 1268 1199; x_wconf 82' lang='lat' dir='ltr'>illa</span> 
     </span>
     <span class='ocr_line' id='line_1_5' title="bbox 245 1234 1267 1321; baseline -0.006 -17"><span class='ocrx_word' id='word_1_19' title='bbox 245 1238 440 1321; x_wconf 66' lang='lat' dir='ltr'>incubanda</span> <span class='ocrx_word' id='word_1_20' title='bbox 466 1240 562 1313; x_wconf 80' lang='lat' dir='ltr'>„Hoc</span> <span class='ocrx_word' id='word_1_21' title='bbox 578 1236 685 1302; x_wconf 90' lang='lat' dir='ltr'>libello</span> <span class='ocrx_word' id='word_1_22' title='bbox 702 1235 871 1317; x_wconf 83' lang='lat' dir='ltr'>conjiciam</span> <span class='ocrx_word' id='word_1_23' title='bbox 888 1238 1054 1299; x_wconf 77' lang='lat' dir='ltr'>Erramnm</span> <span class='ocrx_word' id='word_1_24' title='bbox 1072 1234 1106 1297; x_wconf 90' lang='lat' dir='ltr'>in</span> <span class='ocrx_word' id='word_1_25' title='bbox 1123 1236 1267 1298; x_wconf 80' lang='lat' dir='ltr'>lectum.“</span> 
     </span>
     <span class='ocr_line' id='line_1_6' title="bbox 245 1335 1267 1424; baseline -0.006 -18"><span class='ocrx_word' id='word_1_26' title='bbox 245 1339 302 1418; x_wconf 77' lang='lat' dir='ltr'>El,</span> <span class='ocrx_word' id='word_1_27' title='bbox 321 1336 471 1424; x_wconf 81' lang='lat' dir='ltr'>quoniam</span> <span class='ocrx_word' id='word_1_28' title='bbox 489 1359 564 1402; x_wconf 70' lang='lat' dir='ltr'>atu</span> <span class='ocrx_word' id='word_1_29' title='bbox 578 1336 675 1401; x_wconf 91' lang='lat' dir='ltr'>incidi</span> <span class='ocrx_word' id='word_1_30' title='bbox 690 1335 834 1400; x_wconf 84' lang='lat' dir='ltr'>tmorbua</span> <span class='ocrx_word' id='word_1_31' title='bbox 850 1358 892 1399; x_wconf 85' lang='lat' dir='ltr'>ex</span> <span class='ocrx_word' id='word_1_32' title='bbox 912 1356 1066 1417; x_wconf 75' lang='lat' dir='ltr'>percuuu</span> <span class='ocrx_word' id='word_1_33' title='bbox 1084 1335 1180 1411; x_wconf 75' lang='lat' dir='ltr'>solia,</span> <span class='ocrx_word' id='word_1_34' title='bbox 1197 1337 1267 1400; x_wconf 82' lang='lat' dir='ltr'>ior·</span> 
     </span>
     <span class='ocr_line' id='line_1_7' title="bbox 246 1435 1267 1520; baseline -0.007 -16"><span class='ocrx_word' id='word_1_35' title='bbox 246 1448 331 1504; x_wconf 76' lang='lat' dir='ltr'>uuae</span> <span class='ocrx_word' id='word_1_36' title='bbox 354 1459 440 1503; x_wconf 86' lang='lat' dir='ltr'>nunc</span> <span class='ocrx_word' id='word_1_37' title='bbox 467 1438 636 1517; x_wconf 70' lang='lat' dir='ltr'>triumphat</span> <span class='ocrx_word' id='word_1_38' title='bbox 663 1456 701 1499; x_wconf 85' lang='lat' dir='ltr'>ac</span> <span class='ocrx_word' id='word_1_39' title='bbox 725 1438 845 1520; x_wconf 84' lang='lat' dir='ltr'>plaudit</span> <span class='ocrx_word' id='word_1_40' title='bbox 862 1435 933 1511; x_wconf 78' lang='lat' dir='ltr'>eibi,</span> <span class='ocrx_word' id='word_1_41' title='bbox 972 1437 1095 1498; x_wconf 89' lang='lat' dir='ltr'>Verum</span> <span class='ocrx_word' id='word_1_42' title='bbox 1114 1455 1156 1498; x_wconf 90' lang='lat' dir='ltr'>ne</span> <span class='ocrx_word' id='word_1_43' title='bbox 1176 1446 1267 1515; x_wconf 81' lang='lat' dir='ltr'>putet</span> 
     </span>
     <span class='ocr_line' id='line_1_8' title="bbox 245 1534 1265 1618; baseline -0.01 -11"><span class='ocrx_word' id='word_1_44' title='bbox 245 1558 299 1607; x_wconf 70' lang='lat' dir='ltr'>ne</span> <span class='ocrx_word' id='word_1_45' title='bbox 328 1548 392 1603; x_wconf 83' lang='lat' dir='ltr'>tau</span> <span class='ocrx_word' id='word_1_46' title='bbox 414 1538 529 1604; x_wconf 81' lang='lat' dir='ltr'>nulline</span> <span class='ocrx_word' id='word_1_47' title='bbox 553 1558 624 1602; x_wconf 75' lang='lat' dir='ltr'>aare</span> <span class='ocrx_word' id='word_1_48' title='bbox 650 1538 762 1614; x_wconf 86' lang='lat' dir='ltr'>animi,</span> <span class='ocrx_word' id='word_1_49' title='bbox 790 1549 826 1601; x_wconf 89' lang='lat' dir='ltr'>ut</span> <span class='ocrx_word' id='word_1_50' title='bbox 844 1536 937 1618; x_wconf 71' lang='lat' dir='ltr'>pejus</span> <span class='ocrx_word' id='word_1_51' title='bbox 961 1538 1097 1612; x_wconf 78' lang='lat' dir='ltr'>valeam,</span> <span class='ocrx_word' id='word_1_52' title='bbox 1125 1535 1217 1598; x_wconf 87' lang='lat' dir='ltr'>etiam</span> <span class='ocrx_word' id='word_1_53' title='bbox 1235 1534 1265 1598; x_wconf 83' lang='lat' dir='ltr'>ai</span> 
     </span>
     <span class='ocr_line' id='line_1_9' title="bbox 247 1635 1264 1724; baseline -0.007 -20"><span class='ocrx_word' id='word_1_54' title='bbox 247 1638 429 1724; x_wconf 84' lang='lat' dir='ltr'>quindecim</span> <span class='ocrx_word' id='word_1_55' title='bbox 447 1641 524 1702; x_wconf 80' lang='lat' dir='ltr'>talea</span> <span class='ocrx_word' id='word_1_56' title='bbox 549 1637 643 1702; x_wconf 79' lang='lat' dir='ltr'>libelli</span> <span class='ocrx_word' id='word_1_57' title='bbox 662 1638 839 1701; x_wconf 74' lang='lat' dir='ltr'>scribantur</span> <span class='ocrx_word' id='word_1_58' title='bbox 862 1635 896 1701; x_wconf 91' lang='lat' dir='ltr'>in</span> <span class='ocrx_word' id='word_1_59' title='bbox 913 1657 975 1701; x_wconf 84' lang='lat' dir='ltr'>me.</span> <span class='ocrx_word' id='word_1_60' title='bbox 1020 1639 1096 1700; x_wconf 84' lang='lat' dir='ltr'>Hoc</span> <span class='ocrx_word' id='word_1_61' title='bbox 1114 1636 1264 1715; x_wconf 76' lang='lat' dir='ltr'>scriptum</span> 
     </span>
     <span class='ocr_line' id='line_1_10' title="bbox 242 1735 1263 1823; baseline -0.007 -17"><span class='ocrx_word' id='word_1_62' title='bbox 242 1740 383 1807; x_wconf 79' lang='lat' dir='ltr'>-Hutteru‘</span> <span class='ocrx_word' id='word_1_63' title='bbox 411 1738 487 1804; x_wconf 85' lang='lat' dir='ltr'>mibi</span> <span class='ocrx_word' id='word_1_64' title='bbox 509 1739 694 1803; x_wconf 75' lang='lat' dir='ltr'>&#39;conciliabit</span> <span class='ocrx_word' id='word_1_65' title='bbox 716 1742 831 1803; x_wconf 79' lang='lat' dir='ltr'>multoc</span> <span class='ocrx_word' id='word_1_66' title='bbox 858 1740 990 1816; x_wconf 80' lang='lat' dir='ltr'>amicos,</span> <span class='ocrx_word' id='word_1_67' title='bbox 1025 1757 1108 1823; x_wconf 83' lang='lat' dir='ltr'>quoa</span> <span class='ocrx_word' id='word_1_68' title='bbox 1134 1737 1173 1799; x_wconf 85' lang='lat' dir='ltr'>ab</span> <span class='ocrx_word' id='word_1_69' title='bbox 1191 1735 1263 1817; x_wconf 82' lang='lat' dir='ltr'>ipro</span> 
     </span>
     <span class='ocr_line' id='line_1_11' title="bbox 245 1837 1261 1925; baseline -0.005 -20"><span class='ocrx_word' id='word_1_70' title='bbox 245 1840 289 1906; x_wconf 78' lang='lat' dir='ltr'>ait</span> <span class='ocrx_word' id='word_1_71' title='bbox 314 1840 521 1918; x_wconf 79' lang='lat' dir='ltr'>alienaturue,</span> <span class='ocrx_word' id='word_1_72' title='bbox 553 1849 605 1918; x_wconf 84' lang='lat' dir='ltr'>et,</span> <span class='ocrx_word' id='word_1_73' title='bbox 642 1858 726 1925; x_wconf 83' lang='lat' dir='ltr'>quoa</span> <span class='ocrx_word' id='word_1_74' title='bbox 762 1841 984 1905; x_wconf 76' lang='lat' dir='ltr'>conciliaturus</span> <span class='ocrx_word' id='word_1_75' title='bbox 1016 1838 1106 1902; x_wconf 83' lang='lat' dir='ltr'>brevi</span> <span class='ocrx_word' id='word_1_76' title='bbox 1135 1837 1261 1900; x_wconf 61' lang='lat' dir='ltr'>centia.</span> 
     </span>
     <span class='ocr_line' id='line_1_12' title="bbox 246 1935 1262 2026; baseline -0.01 -18"><span class='ocrx_word' id='word_1_77' title='bbox 246 1942 404 2026; x_wconf 80' lang='lat' dir='ltr'>Magnum</span> <span class='ocrx_word' id='word_1_78' title='bbox 422 1961 520 2020; x_wconf 82' lang='lat' dir='ltr'>vero,</span> <span class='ocrx_word' id='word_1_79' title='bbox 550 1939 578 2005; x_wconf 84' lang='lat' dir='ltr'>ai</span> <span class='ocrx_word' id='word_1_80' title='bbox 596 1940 705 2024; x_wconf 72' lang='lat' dir='ltr'>paucio</span> <span class='ocrx_word' id='word_1_81' title='bbox 723 1942 843 2004; x_wconf 79' lang='lat' dir='ltr'>atolidia</span> <span class='ocrx_word' id='word_1_82' title='bbox 861 1943 1050 2006; x_wconf 83' lang='lat' dir='ltr'>Lutherania</span> <span class='ocrx_word' id='word_1_83' title='bbox 1069 1935 1262 2019; x_wconf 82' lang='lat' dir='ltr'>applauaori·</span> 
     </span>
     <span class='ocr_line' id='line_1_13' title="bbox 244 2041 1264 2127; baseline -0.006 -20"><span class='ocrx_word' id='word_1_84' title='bbox 244 2042 306 2107; x_wconf 81' lang='lat' dir='ltr'>bue</span> <span class='ocrx_word' id='word_1_85' title='bbox 333 2041 523 2125; x_wconf 75' lang='lat' dir='ltr'>grannuuu</span> <span class='ocrx_word' id='word_1_86' title='bbox 545 2044 613 2105; x_wconf 83' lang='lat' dir='ltr'>eati</span> <span class='ocrx_word' id='word_1_87' title='bbox 644 2041 724 2105; x_wconf 81' lang='lat' dir='ltr'>Nam</span> <span class='ocrx_word' id='word_1_88' title='bbox 750 2064 791 2105; x_wconf 86' lang='lat' dir='ltr'>ex</span> <span class='ocrx_word' id='word_1_89' title='bbox 825 2043 887 2106; x_wconf 91' lang='lat' dir='ltr'>boc</span> <span class='ocrx_word' id='word_1_90' title='bbox 910 2044 981 2124; x_wconf 80' lang='lat' dir='ltr'>ipso</span> <span class='ocrx_word' id='word_1_91' title='bbox 1002 2060 1120 2127; x_wconf 82' lang='lat' dir='ltr'>genere</span> <span class='ocrx_word' id='word_1_92' title='bbox 1151 2059 1264 2119; x_wconf 81' lang='lat' dir='ltr'>parum</span> 
     </span>
     <span class='ocr_line' id='line_1_14' title="bbox 244 2139 1261 2225; baseline -0.005 -19"><span class='ocrx_word' id='word_1_93' title='bbox 244 2142 340 2207; x_wconf 76' lang='lat' dir='ltr'>lubet</span> <span class='ocrx_word' id='word_1_94' title='bbox 358 2142 494 2219; x_wconf 70' lang='lat' dir='ltr'>amicos,</span> <span class='ocrx_word' id='word_1_95' title='bbox 521 2141 549 2203; x_wconf 84' lang='lat' dir='ltr'>ai</span> <span class='ocrx_word' id='word_1_96' title='bbox 568 2139 625 2225; x_wconf 88' lang='lat' dir='ltr'>qui</span> <span class='ocrx_word' id='word_1_97' title='bbox 644 2151 719 2204; x_wconf 86' lang='lat' dir='ltr'>aunt</span> <span class='ocrx_word' id='word_1_98' title='bbox 737 2144 831 2220; x_wconf 79' lang='lat' dir='ltr'>paulo</span> <span class='ocrx_word' id='word_1_99' title='bbox 857 2142 1068 2218; x_wconf 74' lang='lat' dir='ltr'>cordatiores,</span> <span class='ocrx_word' id='word_1_100' title='bbox 1099 2141 1261 2203; x_wconf 81' lang='lat' dir='ltr'>habiturua</span> 
     </span>
     <span class='ocr_line' id='line_1_15' title="bbox 241 2241 1262 2326; baseline -0.003 -19"><span class='ocrx_word' id='word_1_101' title='bbox 241 2243 479 2326; x_wconf 71' lang='lat' dir='ltr'>propemodum</span> <span class='ocrx_word' id='word_1_102' title='bbox 509 2241 700 2323; x_wconf 79' lang='lat' dir='ltr'>pauciorea3</span> <span class='ocrx_word' id='word_1_103' title='bbox 734 2253 766 2303; x_wconf 93' lang='lat' dir='ltr'>et</span> <span class='ocrx_word' id='word_1_104' title='bbox 797 2244 965 2324; x_wconf 83' lang='lat' dir='ltr'>gloriatur,</span> <span class='ocrx_word' id='word_1_105' title='bbox 1001 2241 1052 2305; x_wconf 90' lang='lat' dir='ltr'>bic</span> <span class='ocrx_word' id='word_1_106' title='bbox 1093 2263 1128 2304; x_wconf 81' lang='lat' dir='ltr'>ee</span> <span class='ocrx_word' id='word_1_107' title='bbox 1161 2241 1262 2305; x_wconf 83' lang='lat' dir='ltr'>iuiaae</span> 
     </span>
     <span class='ocr_line' id='line_1_16' title="bbox 175 2341 1260 2426; baseline 0.004 -25"><span class='ocrx_word' id='word_1_108' title='bbox 175 2384 180 2401; x_wconf 88' lang='grc'>.</span> <span class='ocrx_word' id='word_1_109' title='bbox 247 2342 473 2406; x_wconf 73' lang='lat' dir='ltr'>circumfusum</span> <span class='ocrx_word' id='word_1_110' title='bbox 491 2341 667 2425; x_wconf 84' lang='lat' dir='ltr'>agminibua</span> <span class='ocrx_word' id='word_1_111' title='bbox 686 2344 953 2405; x_wconf 88' lang='lat' dir='ltr'>Lutherauorum.</span> <span class='ocrx_word' id='word_1_112' title='bbox 990 2342 1161 2426; x_wconf 74' lang='lat' dir='ltr'>Egregium</span> <span class='ocrx_word' id='word_1_113' title='bbox 1180 2362 1260 2405; x_wconf 83' lang='lat' dir='ltr'>vero</span> 
     </span>
     <span class='ocr_line' id='line_1_17' title="bbox 245 2441 1262 2529; baseline 0.003 -25"><span class='ocrx_word' id='word_1_114' title='bbox 245 2444 379 2526; x_wconf 75' lang='lat' dir='ltr'>gratiam</span> <span class='ocrx_word' id='word_1_115' title='bbox 404 2441 624 2505; x_wconf 89' lang='lat' dir='ltr'>communicati</span> <span class='ocrx_word' id='word_1_116' title='bbox 648 2442 776 2523; x_wconf 72' lang='lat' dir='ltr'>hospitii</span> <span class='ocrx_word' id='word_1_117' title='bbox 803 2442 903 2506; x_wconf 78' lang='lat' dir='ltr'>refert</span> <span class='ocrx_word' id='word_1_118' title='bbox 927 2442 1001 2506; x_wconf 84' lang='lat' dir='ltr'>lruic</span> <span class='ocrx_word' id='word_1_119' title='bbox 1029 2442 1118 2518; x_wconf 87' lang='lat' dir='ltr'>urbi,</span> <span class='ocrx_word' id='word_1_120' title='bbox 1143 2445 1262 2529; x_wconf 90' lang='lat' dir='ltr'>inqua</span> 
     </span>
     <span class='ocr_line' id='line_1_18' title="bbox 246 2540 1261 2627; baseline 0.001 -23"><span class='ocrx_word' id='word_1_121' title='bbox 246 2542 305 2626; x_wconf 84' lang='lat' dir='ltr'>qui</span> <span class='ocrx_word' id='word_1_122' title='bbox 323 2542 399 2606; x_wconf 79' lang='lat' dir='ltr'>vivo</span> <span class='ocrx_word' id='word_1_123' title='bbox 429 2540 492 2625; x_wconf 86' lang='lat' dir='ltr'>jam</span> <span class='ocrx_word' id='word_1_124' title='bbox 510 2542 610 2604; x_wconf 80' lang='lat' dir='ltr'>ieme</span> <span class='ocrx_word' id='word_1_125' title='bbox 630 2541 759 2605; x_wconf 92' lang='lat' dir='ltr'>biennio</span> <span class='ocrx_word' id='word_1_126' title='bbox 777 2543 933 2606; x_wconf 88' lang='lat' dir='ltr'>nominem</span> <span class='ocrx_word' id='word_1_127' title='bbox 952 2543 1045 2620; x_wconf 81' lang='lat' dir='ltr'>novi,</span> <span class='ocrx_word' id='word_1_128' title='bbox 1076 2543 1132 2627; x_wconf 89' lang='lat' dir='ltr'>qui</span> <span class='ocrx_word' id='word_1_129' title='bbox 1152 2542 1261 2626; x_wconf 76' lang='lat' dir='ltr'>ce&#39;pa·</span> 
     </span>
     <span class='ocr_line' id='line_1_19' title="bbox 237 2641 1262 2727; baseline 0.001 -21"><span class='ocrx_word' id='word_1_130' title='bbox 237 2642 341 2707; x_wconf 87' lang='lat' dir='ltr'>-tiatur</span> <span class='ocrx_word' id='word_1_131' title='bbox 359 2641 423 2707; x_wconf 86' lang='lat' dir='ltr'>dici</span> <span class='ocrx_word' id='word_1_132' title='bbox 441 2644 672 2720; x_wconf 85' lang='lat' dir='ltr'>Lutberanum,</span> <span class='ocrx_word' id='word_1_133' title='bbox 701 2644 786 2705; x_wconf 89' lang='lat' dir='ltr'>etin</span> <span class='ocrx_word' id='word_1_134' title='bbox 812 2665 874 2727; x_wconf 88' lang='lat' dir='ltr'>qua</span> <span class='ocrx_word' id='word_1_135' title='bbox 901 2642 1028 2724; x_wconf 86' lang='lat' dir='ltr'>publico</span> <span class='ocrx_word' id='word_1_136' title='bbox 1055 2644 1160 2706; x_wconf 88' lang='lat' dir='ltr'>edicto</span> <span class='ocrx_word' id='word_1_137' title='bbox 1186 2665 1262 2707; x_wconf 88' lang='lat' dir='ltr'>cau·</span> 
     </span>
     <span class='ocr_line' id='line_1_20' title="bbox 243 2742 1261 2827; baseline 0.004 -21"><span class='ocrx_word' id='word_1_138' title='bbox 243 2752 310 2807; x_wconf 89' lang='lat' dir='ltr'>tum</span> <span class='ocrx_word' id='word_1_139' title='bbox 329 2753 395 2821; x_wconf 83' lang='lat' dir='ltr'>est,</span> <span class='ocrx_word' id='word_1_140' title='bbox 420 2765 462 2807; x_wconf 90' lang='lat' dir='ltr'>ne</span> <span class='ocrx_word' id='word_1_141' title='bbox 482 2742 647 2827; x_wconf 80' lang='lat' dir='ltr'>quiequam</span> <span class='ocrx_word' id='word_1_142' title='bbox 665 2743 698 2804; x_wconf 93' lang='lat' dir='ltr'>in</span> <span class='ocrx_word' id='word_1_143' title='bbox 717 2743 872 2806; x_wconf 84' lang='lat' dir='ltr'>concione</span> <span class='ocrx_word' id='word_1_144' title='bbox 891 2742 1019 2819; x_wconf 83' lang='lat' dir='ltr'>doceat,</span> <span class='ocrx_word' id='word_1_145' title='bbox 1040 2744 1129 2826; x_wconf 86' lang='lat' dir='ltr'>quod</span> <span class='ocrx_word' id='word_1_146' title='bbox 1147 2744 1261 2810; x_wconf 84' lang='lat' dir='ltr'>adver·</span> 
     </span>
     <span class='ocr_line' id='line_1_21' title="bbox 236 2842 1260 2927; baseline 0 -17"><span class='ocrx_word' id='word_1_147' title='bbox 236 2855 332 2910; x_wconf 82' lang='lat' dir='ltr'>-aetur</span> <span class='ocrx_word' id='word_1_148' title='bbox 350 2843 562 2927; x_wconf 83' lang='lat' dir='ltr'>Evangelico,</span> <span class='ocrx_word' id='word_1_149' title='bbox 591 2864 633 2906; x_wconf 90' lang='lat' dir='ltr'>ne</span> <span class='ocrx_word' id='word_1_150' title='bbox 652 2842 785 2906; x_wconf 87' lang='lat' dir='ltr'>Lutberi</span> <span class='ocrx_word' id='word_1_151' title='bbox 804 2842 933 2926; x_wconf 85' lang='lat' dir='ltr'>quidem</span> <span class='ocrx_word' id='word_1_152' title='bbox 960 2843 1125 2907; x_wconf 74' lang='lat' dir='ltr'>autoritate</span> <span class='ocrx_word' id='word_1_153' title='bbox 1146 2844 1260 2910; x_wconf 78' lang='lat' dir='ltr'>fretur.</span> 
     </span>
     <span class='ocr_line' id='line_1_22' title="bbox 235 2941 1261 3026; baseline -0.001 -16"><span class='ocrx_word' id='word_1_154' title='bbox 235 2944 315 3010; x_wconf 70' lang='lat' dir='ltr'>⁴dam</span> <span class='ocrx_word' id='word_1_155' title='bbox 343 2964 423 3007; x_wconf 83' lang='lat' dir='ltr'>vero</span> <span class='ocrx_word' id='word_1_156' title='bbox 449 2942 575 3020; x_wconf 83' lang='lat' dir='ltr'>neecio,</span> <span class='ocrx_word' id='word_1_157' title='bbox 601 2964 643 3006; x_wconf 89' lang='lat' dir='ltr'>an</span> <span class='ocrx_word' id='word_1_158' title='bbox 668 2941 744 3006; x_wconf 91' lang='lat' dir='ltr'>nibil</span> <span class='ocrx_word' id='word_1_159' title='bbox 771 2943 974 3005; x_wconf 86' lang='lat' dir='ltr'>tribuendum</span> <span class='ocrx_word' id='word_1_160' title='bbox 992 2944 1042 3007; x_wconf 85' lang='lat' dir='ltr'>ait·</span> <span class='ocrx_word' id='word_1_161' title='bbox 1058 2945 1261 3026; x_wconf 88' lang='lat' dir='ltr'>quonmdam</span> 
     </span>
     <span class='ocr_line' id='line_1_23' title="bbox 237 3042 1283 3127; baseline 0.004 -20"><span class='ocrx_word' id='word_1_162' title='bbox 237 3042 433 3126; x_wconf 72' lang='lat' dir='ltr'>wapicioni,</span> <span class='ocrx_word' id='word_1_163' title='bbox 467 3042 523 3127; x_wconf 81' lang='lat' dir='ltr'>qui</span> <span class='ocrx_word' id='word_1_164' title='bbox 549 3042 704 3119; x_wconf 85' lang='lat' dir='ltr'>dictitant,</span> <span class='ocrx_word' id='word_1_165' title='bbox 723 3044 919 3119; x_wconf 89' lang='lat' dir='ltr'>Huttenum,</span> <span class='ocrx_word' id='word_1_166' title='bbox 952 3062 995 3104; x_wconf 85' lang='lat' dir='ltr'>ex</span> <span class='ocrx_word' id='word_1_167' title='bbox 1014 3043 1121 3127; x_wconf 88' lang='lat' dir='ltr'>equite</span> <span class='ocrx_word' id='word_1_168' title='bbox 1139 3044 1259 3111; x_wconf 82' lang='lat' dir='ltr'>iactum</span> <span class='ocrx_word' id='word_1_169' title='bbox 1278 3106 1283 3117; x_wconf 83' lang='lat'>,</span> 
     </span>
     <span class='ocr_line' id='line_1_24' title="bbox 235 3141 1257 3227; baseline 0.002 -19"><span class='ocrx_word' id='word_1_170' title='bbox 235 3144 469 3219; x_wconf 75' lang='lat' dir='ltr'>uadentarium,</span> <span class='ocrx_word' id='word_1_171' title='bbox 500 3141 680 3225; x_wconf 76' lang='lat' dir='ltr'>hujusmodi</span> <span class='ocrx_word' id='word_1_172' title='bbox 707 3141 829 3205; x_wconf 75' lang='lat' dir='ltr'>libello·</span> <span class='ocrx_word' id='word_1_173' title='bbox 856 3144 895 3206; x_wconf 86' lang='lat' dir='ltr'>ad</span> <span class='ocrx_word' id='word_1_174' title='bbox 924 3155 1076 3227; x_wconf 76' lang='lat' dir='ltr'>quenum</span> <span class='ocrx_word' id='word_1_175' title='bbox 1105 3145 1257 3225; x_wconf 85' lang='lat' dir='ltr'>scribere,</span> 
     </span>
     <span class='ocr_line' id='line_1_25' title="bbox 162 3242 1259 3328; baseline 0.003 -21"><span class='ocrx_word' id='word_1_176' title='bbox 162 3298 167 3307; x_wconf 87' lang='lat'><strong>.</strong></span> <span class='ocrx_word' id='word_1_177' title='bbox 235 3264 381 3327; x_wconf 83' lang='lat' dir='ltr'>eumque</span> <span class='ocrx_word' id='word_1_178' title='bbox 400 3244 577 3326; x_wconf 80' lang='lat' dir='ltr'>geminum,</span> <span class='ocrx_word' id='word_1_179' title='bbox 602 3244 678 3305; x_wconf 90' lang='lat' dir='ltr'>dum</span> <span class='ocrx_word' id='word_1_180' title='bbox 697 3242 778 3307; x_wconf 85' lang='lat' dir='ltr'>ethi</span> <span class='ocrx_word' id='word_1_181' title='bbox 798 3254 978 3320; x_wconf 84' lang='lat' dir='ltr'>numerant,</span> <span class='ocrx_word' id='word_1_182' title='bbox 999 3244 1055 3328; x_wconf 90' lang='lat' dir='ltr'>qui</span> <span class='ocrx_word' id='word_1_183' title='bbox 1074 3247 1259 3310; x_wconf 87' lang='lat' dir='ltr'>conducunt</span> 
     </span>
     <span class='ocr_line' id='line_1_26' title="bbox 233 3342 1258 3430; baseline 0.003 -21"><span class='ocrx_word' id='word_1_184' title='bbox 233 3365 388 3427; x_wconf 83' lang='lat' dir='ltr'>operam,</span> <span class='ocrx_word' id='word_1_185' title='bbox 407 3355 441 3406; x_wconf 93' lang='lat' dir='ltr'>ct</span> <span class='ocrx_word' id='word_1_186' title='bbox 466 3343 499 3406; x_wconf 91' lang='lat' dir='ltr'>in</span> <span class='ocrx_word' id='word_1_187' title='bbox 530 3363 613 3426; x_wconf 83' lang='lat' dir='ltr'>quoa</span> <span class='ocrx_word' id='word_1_188' title='bbox 632 3342 740 3405; x_wconf 74' lang='lat' dir='ltr'>scribit</span> <span class='ocrx_word' id='word_1_189' title='bbox 758 3342 892 3423; x_wconf 84' lang='lat' dir='ltr'>pecunia</span> <span class='ocrx_word' id='word_1_190' title='bbox 911 3343 1082 3421; x_wconf 87' lang='lat' dir='ltr'>redimunt,</span> <span class='ocrx_word' id='word_1_191' title='bbox 1105 3349 1258 3430; x_wconf 85' lang='lat' dir='ltr'>nequod</span> 
     </span>
     <span class='ocr_line' id='line_1_27' title="bbox 234 3442 1258 3528; baseline 0 -18"><span class='ocrx_word' id='word_1_192' title='bbox 234 3445 392 3528; x_wconf 76' lang='lat' dir='ltr'>acciplunt</span> <span class='ocrx_word' id='word_1_193' title='bbox 422 3455 470 3506; x_wconf 83' lang='lat' dir='ltr'>eat</span> <span class='ocrx_word' id='word_1_194' title='bbox 501 3444 622 3507; x_wconf 86' lang='lat' dir='ltr'>edatur.</span> <span class='ocrx_word' id='word_1_195' title='bbox 675 3442 809 3506; x_wconf 77' lang='lat' dir='ltr'>Mitteret</span> <span class='ocrx_word' id='word_1_196' title='bbox 841 3462 892 3506; x_wconf 90' lang='lat' dir='ltr'>me</span> <span class='ocrx_word' id='word_1_197' title='bbox 919 3443 1052 3507; x_wconf 85' lang='lat' dir='ltr'>Hutteni</span> <span class='ocrx_word' id='word_1_198' title='bbox 1086 3447 1258 3528; x_wconf 83' lang='lat' dir='ltr'>quamlibet</span> 
     </span>
     <span class='ocr_line' id='line_1_28' title="bbox 234 3542 1255 3626; baseline 0.001 -16"><span class='ocrx_word' id='word_1_199' title='bbox 234 3546 352 3623; x_wconf 80' lang='lat' dir='ltr'>boetia,</span> <span class='ocrx_word' id='word_1_200' title='bbox 379 3545 407 3609; x_wconf 84' lang='lat' dir='ltr'>ai</span> <span class='ocrx_word' id='word_1_201' title='bbox 424 3546 487 3608; x_wconf 91' lang='lat' dir='ltr'>buc</span> <span class='ocrx_word' id='word_1_202' title='bbox 504 3542 586 3608; x_wconf 81' lang='lat' dir='ltr'>illiue</span> <span class='ocrx_word' id='word_1_203' title='bbox 604 3544 740 3606; x_wconf 77' lang='lat' dir='ltr'>fortune</span> <span class='ocrx_word' id='word_1_204' title='bbox 758 3543 950 3607; x_wconf 83' lang='lat' dir='ltr'>reciderunt.</span> <span class='ocrx_word' id='word_1_205' title='bbox 985 3544 1073 3622; x_wconf 79' lang='lat' dir='ltr'>tam,</span> <span class='ocrx_word' id='word_1_206' title='bbox 1093 3557 1128 3608; x_wconf 86' lang='lat' dir='ltr'>ut</span> <span class='ocrx_word' id='word_1_207' title='bbox 1147 3547 1255 3626; x_wconf 86' lang='lat' dir='ltr'>audio,</span> 
     </span>
     <span class='ocr_line' id='line_1_29' title="bbox 239 3642 1253 3728; baseline 0.001 -17"><span class='ocrx_word' id='word_1_208' title='bbox 239 3645 417 3710; x_wconf 71' lang='lat' dir='ltr'>numeravit</span> <span class='ocrx_word' id='word_1_209' title='bbox 452 3642 570 3728; x_wconf 88' lang='lat' dir='ltr'>aliquid</span> <span class='ocrx_word' id='word_1_210' title='bbox 609 3659 644 3707; x_wconf 93' lang='lat' dir='ltr'>ct</span> <span class='ocrx_word' id='word_1_211' title='bbox 672 3647 897 3728; x_wconf 75' lang='lat' dir='ltr'>typographus.</span> <span class='ocrx_word' id='word_1_212' title='bbox 913 3681 955 3701; x_wconf 82' lang='lat'><em>-</em></span> <span class='ocrx_word' id='word_1_213' title='bbox 972 3645 1038 3709; x_wconf 86' lang='lat' dir='ltr'>Sed</span> <span class='ocrx_word' id='word_1_214' title='bbox 1073 3645 1185 3709; x_wconf 74' lang='lat' dir='ltr'>desino</span> <span class='ocrx_word' id='word_1_215' title='bbox 1211 3649 1253 3712; x_wconf 88' lang='lat' dir='ltr'>de</span> 
     </span>
     <span class='ocr_line' id='line_1_30' title="bbox 239 3744 1255 3828; baseline 0.004 -18"><span class='ocrx_word' id='word_1_216' title='bbox 239 3748 402 3823; x_wconf 76' lang='lat' dir='ltr'>Huneno,</span> <span class='ocrx_word' id='word_1_217' title='bbox 434 3744 575 3828; x_wconf 84' lang='lat' dir='ltr'>nequid</span> <span class='ocrx_word' id='word_1_218' title='bbox 599 3745 872 3828; x_wconf 80' lang='lat' dir='ltr'>ultrarpongiam.</span> <span class='ocrx_word' id='word_1_219' title='bbox 922 3747 996 3807; x_wconf 85' lang='lat' dir='ltr'>Hoc</span> <span class='ocrx_word' id='word_1_220' title='bbox 1019 3755 1139 3809; x_wconf 87' lang='lat' dir='ltr'>tantum</span> <span class='ocrx_word' id='word_1_221' title='bbox 1168 3746 1255 3814; x_wconf 82' lang='lat' dir='ltr'>illum</span> 
     </span>
     <span class='ocr_line' id='line_1_31' title="bbox 239 3843 1256 3924; baseline 0.004 -13"><span class='ocrx_word' id='word_1_222' title='bbox 239 3847 321 3911; x_wconf 82' lang='lat' dir='ltr'>aciae</span> <span class='ocrx_word' id='word_1_223' title='bbox 341 3849 435 3924; x_wconf 78' lang='lat' dir='ltr'>volo,</span> <span class='ocrx_word' id='word_1_224' title='bbox 462 3843 587 3908; x_wconf 87' lang='lat' dir='ltr'>etmihi</span> <span class='ocrx_word' id='word_1_225' title='bbox 615 3865 686 3908; x_wconf 79' lang='lat' dir='ltr'>esec</span> <span class='ocrx_word' id='word_1_226' title='bbox 714 3844 835 3921; x_wconf 74' lang='lat' dir='ltr'>stilum,</span> <span class='ocrx_word' id='word_1_227' title='bbox 868 3844 930 3909; x_wconf 84' lang='lat' dir='ltr'>niai</span> <span class='ocrx_word' id='word_1_228' title='bbox 953 3845 1129 3909; x_wconf 81' lang='lat' dir='ltr'>maluiaaem</span> <span class='ocrx_word' id='word_1_229' title='bbox 1154 3871 1256 3914; x_wconf 86' lang='lat' dir='ltr'>meam</span> 
     </span>
    </p>
   </div>
   <div class='ocr_carea' id='block_1_5' title="bbox 106 3934 1256 4032">
    <p class='ocr_par' dir='ltr' id='par_1_5' title="bbox 106 3934 1256 4032">
     <span class='ocr_line' id='line_1_32' title="bbox 106 3934 1256 4032; baseline 0.004 -22"><span class='ocrx_word' id='word_1_230' title='bbox 106 3934 110 3959; x_wconf 68' lang='lat'><em>⁴</em></span> <span class='ocrx_word' id='word_1_231' title='bbox 238 3958 423 4028; x_wconf 83' lang='lat' dir='ltr'>perpetuam</span> <span class='ocrx_word' id='word_1_232' title='bbox 443 3946 526 4011; x_wconf 91' lang='lat' dir='ltr'>tueri</span> <span class='ocrx_word' id='word_1_233' title='bbox 544 3946 819 4022; x_wconf 71' lang='lat' dir='ltr'>consuetudinem,</span> <span class='ocrx_word' id='word_1_234' title='bbox 849 3966 944 4030; x_wconf 88' lang='lat' dir='ltr'>quam</span> <span class='ocrx_word' id='word_1_235' title='bbox 974 3944 1056 4011; x_wconf 78' lang='lat' dir='ltr'>illius</span> <span class='ocrx_word' id='word_1_236' title='bbox 1076 3954 1256 4032; x_wconf 84' lang='lat' dir='ltr'>exemplum</span> 
     </span>
    </p>
   </div>
   <div class='ocr_carea' id='block_1_6' title="bbox 237 4045 1254 4535">
    <p class='ocr_par' dir='ltr' id='par_1_6' title="bbox 237 4045 1254 4535">
     <span class='ocr_line' id='line_1_33' title="bbox 237 4045 1253 4136; baseline 0.007 -27"><span class='ocrx_word' id='word_1_237' title='bbox 237 4045 362 4109; x_wconf 89' lang='lat' dir='ltr'>imitari.</span> <span class='ocrx_word' id='word_1_238' title='bbox 400 4049 571 4132; x_wconf 84' lang='lat' dir='ltr'>Nunquam</span> <span class='ocrx_word' id='word_1_239' title='bbox 585 4046 686 4110; x_wconf 85' lang='lat' dir='ltr'>adbuc</span> <span class='ocrx_word' id='word_1_240' title='bbox 699 4046 774 4110; x_wconf 87' lang='lat' dir='ltr'>mihi</span> <span class='ocrx_word' id='word_1_241' title='bbox 789 4067 896 4131; x_wconf 73' lang='lat' dir='ltr'>pugna</span> <span class='ocrx_word' id='word_1_242' title='bbox 914 4047 975 4110; x_wconf 84' lang='lat' dir='ltr'>luit</span> <span class='ocrx_word' id='word_1_243' title='bbox 993 4068 1064 4112; x_wconf 89' lang='lat' dir='ltr'>cum</span> <span class='ocrx_word' id='word_1_244' title='bbox 1081 4071 1253 4136; x_wconf 84' lang='lat' dir='ltr'>quoquam,</span> 
     </span>
     <span class='ocr_line' id='line_1_34' title="bbox 238 4147 1253 4233; baseline 0.003 -22"><span class='ocrx_word' id='word_1_245' title='bbox 238 4168 335 4232; x_wconf 84' lang='lat' dir='ltr'>quem</span> <span class='ocrx_word' id='word_1_246' title='bbox 361 4147 531 4233; x_wconf 86' lang='lat' dir='ltr'>aliquando</span> <span class='ocrx_word' id='word_1_247' title='bbox 557 4147 722 4211; x_wconf 83' lang='lat' dir='ltr'>dilexerim</span> <span class='ocrx_word' id='word_1_248' title='bbox 751 4170 792 4210; x_wconf 86' lang='lat' dir='ltr'>ex</span> <span class='ocrx_word' id='word_1_249' title='bbox 819 4148 936 4212; x_wconf 82' lang='lat' dir='ltr'>aaaimo.</span> <span class='ocrx_word' id='word_1_250' title='bbox 989 4152 1039 4214; x_wconf 87' lang='lat' dir='ltr'>Ac</span> <span class='ocrx_word' id='word_1_251' title='bbox 1068 4171 1109 4212; x_wconf 94' lang='lat' dir='ltr'>ne</span> <span class='ocrx_word' id='word_1_252' title='bbox 1133 4153 1166 4216; x_wconf 92' lang='lat' dir='ltr'>in</span> <span class='ocrx_word' id='word_1_253' title='bbox 1194 4156 1253 4218; x_wconf 78' lang='lat' dir='ltr'>lroa</span> 
     </span>
     <span class='ocr_line' id='line_1_35' title="bbox 237 4247 1254 4335; baseline 0.005 -24"><span class='ocrx_word' id='word_1_254' title='bbox 237 4249 368 4335; x_wconf 85' lang='lat' dir='ltr'>quidem</span> <span class='ocrx_word' id='word_1_255' title='bbox 385 4270 525 4334; x_wconf 82' lang='lat' dir='ltr'>unquam</span> <span class='ocrx_word' id='word_1_256' title='bbox 543 4247 676 4313; x_wconf 84' lang='lat' dir='ltr'>exercui</span> <span class='ocrx_word' id='word_1_257' title='bbox 695 4247 805 4313; x_wconf 84' lang='lat' dir='ltr'>calami</span> <span class='ocrx_word' id='word_1_258' title='bbox 823 4250 957 4328; x_wconf 86' lang='lat' dir='ltr'>rabiem,</span> <span class='ocrx_word' id='word_1_259' title='bbox 986 4270 1005 4312; x_wconf 87' lang='lat' dir='ltr'>a</span> <span class='ocrx_word' id='word_1_260' title='bbox 1025 4250 1141 4335; x_wconf 82' lang='lat' dir='ltr'>quibua</span> <span class='ocrx_word' id='word_1_261' title='bbox 1161 4253 1254 4316; x_wconf 81' lang='lat' dir='ltr'>odio·</span> 
     </span>
     <span class='ocr_line' id='line_1_36' title="bbox 237 4348 1250 4433; baseline 0.004 -20"><span class='ocrx_word' id='word_1_262' title='bbox 237 4350 358 4414; x_wconf 77' lang='lat' dir='ltr'>eiaaime</span> <span class='ocrx_word' id='word_1_263' title='bbox 389 4351 573 4433; x_wconf 79' lang='lat' dir='ltr'>impetebat.</span> <span class='ocrx_word' id='word_1_264' title='bbox 623 4348 774 4432; x_wconf 72' lang='lat' dir='ltr'>Quodsi</span> <span class='ocrx_word' id='word_1_265' title='bbox 805 4352 943 4431; x_wconf 83' lang='lat' dir='ltr'>placeret</span> <span class='ocrx_word' id='word_1_266' title='bbox 975 4352 1040 4413; x_wconf 85' lang='lat' dir='ltr'>lnec</span> <span class='ocrx_word' id='word_1_267' title='bbox 1071 4351 1250 4432; x_wconf 82' lang='lat' dir='ltr'>petulantia,</span> 
     </span>
     <span class='ocr_line' id='line_1_37' title="bbox 238 4448 1250 4535; baseline 0.008 -21"><span class='ocrx_word' id='word_1_268' title='bbox 238 4451 341 4515; x_wconf 85' lang='lat' dir='ltr'>malim</span> <span class='ocrx_word' id='word_1_269' title='bbox 368 4450 444 4517; x_wconf 82' lang='lat' dir='ltr'>milri</span> <span class='ocrx_word' id='word_1_270' title='bbox 470 4450 557 4531; x_wconf 84' lang='lat' dir='ltr'>dari,</span> <span class='ocrx_word' id='word_1_271' title='bbox 585 4450 645 4535; x_wconf 83' lang='lat' dir='ltr'>qui</span> <span class='ocrx_word' id='word_1_272' title='bbox 668 4471 831 4535; x_wconf 85' lang='lat' dir='ltr'>uunquam</span> <span class='ocrx_word' id='word_1_273' title='bbox 848 4448 961 4516; x_wconf 71' lang='lat' dir='ltr'>[uiuet</span> <span class='ocrx_word' id='word_1_274' title='bbox 979 4449 1115 4529; x_wconf 74' lang='lat' dir='ltr'>mum,</span> <span class='ocrx_word' id='word_1_275' title='bbox 1146 4454 1250 4522; x_wconf 75' lang='lat' dir='ltr'>malin</span> 
     </span>
    </p>
   </div>
   <div class='ocr_carea' id='block_1_7' title="bbox 0 0 1314 5108">
    <p class='ocr_par' dir='ltr' id='par_1_7' title="bbox 0 0 1314 5108">
     <span class='ocr_line' id='line_1_38' title="bbox 0 0 1314 5108; baseline 0 4"><span class='ocrx_word' id='word_1_276' title='bbox 0 0 1314 5108; x_wconf 95' lang='lat' dir='ltr'> </span> 
     </span>
    </p>
   </div>
  </div>
 </body>
</html>
