2618 5108
26 872 30 882 ,
116 839 118 844 -
149 791 221 871 470
483 787 641 888 Spongia
664 766 806 864 Erasmi

145 978 240 1062 iaciat
258 981 292 1043 in
310 982 394 1044 hunc
406 991 461 1044 aut
483 980 630 1057 initium,
650 991 682 1042 et
698 981 787 1056 teto,
798 979 887 1063 quod
899 975 1002 1061 ajunt,
1018 975 1165 1043 immisso

146 1081 259 1163 fugiat.
296 1084 371 1144 Non
401 1083 514 1157 video,
546 1102 604 1142 cur
634 1080 728 1157 hujus
759 1081 854 1142 animi
888 1099 939 1142 me
968 1097 1165 1162 magnopere

129 1183 314 1264 ‘paeniteat,
346 1182 402 1266 qui
421 1183 569 1244 hactenus
599 1191 646 1242 tot
664 1179 801 1255 morbis,
829 1190 878 1241 tot
901 1179 1081 1253 laboribus,
1111 1188 1164 1242 tot

149 1281 293 1356 casibus,
325 1293 374 1344 tot
409 1280 569 1363 tragoediis
602 1279 778 1354 suffecerit,
816 1279 871 1362 qui
902 1290 935 1339 et
961 1277 1163 1343 inimieorum

147 1381 414 1458 maledicentiam,
442 1392 535 1463 atque
563 1378 654 1442 etiam
679 1376 916 1441 maleficentiam
944 1388 1161 1456 contemnere,

147 1480 204 1564 qui
230 1503 309 1561 opes
341 1502 377 1544 ae
408 1481 574 1563 dignitates
616 1479 835 1542 aMonarcbis
864 1477 981 1539 oblatas
1012 1480 1162 1542 recusare

146 1580 345 1658 sustinuerit,
389 1582 446 1664 qui
470 1580 504 1643 in
534 1580 626 1642 tantis
653 1601 758 1642 rerum
783 1577 920 1639 motibus
950 1598 985 1637 ao
1012 1576 1161 1658 periculis

129 1701 307 1763 uunquam
338 1681 492 1744 remiserit
527 1680 664 1742 studium
695 1677 919 1741 benemerendi
952 1678 992 1739 de
1025 1677 1160 1756 publicis

147 1782 269 1844 studiis.
314 1781 421 1864 Atque
450 1780 573 1842 interim
597 1779 690 1858 jactat
718 1802 752 1843 se
780 1779 853 1841 mihi
881 1779 1020 1840 voluisse
1040 1779 1160 1842 addere

145 1882 303 1955 animum;
330 1891 504 1962 prestaret,
522 1880 558 1942 si
582 1880 641 1942 sibi
663 1881 838 1942 detraheret
857 1878 973 1959 aliquid
994 1878 1106 1954 animi,
1126 1888 1160 1943 et

141 1983 275 2045 'adderet
300 1981 420 2062 judieii.
458 1982 501 2044 At
531 1982 690 2042 Huttenus
721 1989 873 2053 autumat,
904 1990 1035 2040 mortem
1064 1980 1160 2045 etiarn

145 2084 356 2162 oppetendam
391 2103 451 2162 pro
481 2081 612 2144 veritate
649 2079 852 2160 Evangetica;
883 2099 942 2140 neo
977 2100 1038 2159 ego
1075 2079 1160 2144 istuc

143 2203 302 2256 recusem,
326 2182 444 2265 siquis
464 2202 552 2243 casus
573 2202 612 2243 eo
633 2192 737 2243 vocet.
775 2184 818 2243 At
836 2200 895 2259 pro
915 2180 1057 2242 Luthero
1079 2202 1158 2260 pro·

142 2303 208 2364 que
237 2281 372 2344 Lutberi
403 2281 570 2361 paradoxis
608 2281 748 2342 nondum
788 2291 835 2342 est
867 2279 987 2340 animus
1020 2291 1158 2346 mosten

102 2410 107 2427 ι
142 2389 305 2462 oppetere.
343 2382 417 2442 Non
438 2380 541 2460 agitur
566 2380 606 2442 de
625 2380 759 2443 articulis
778 2379 868 2454 fidei,
889 2382 960 2442 sed:
981 2400 1018 2440 an
1038 2379 1158 2460 princi·

141 2491 231 2563 patus
252 2480 388 2543 Romani
417 2479 580 2542 Pontifieis
599 2479 639 2542 sit
663 2503 680 2542 a
701 2480 847 2555 Christo;
881 2502 921 2542 an
942 2479 1158 2546 Cardiualium

125 2581 224 2644 ‘ordo
250 2580 290 2644 sit
316 2581 527 2643 necessarium
546 2582 719 2643 membrum
739 2580 893 2655 ecelesiae3
921 2602 960 2641 an
991 2581 1155 2645 confessio

141 2679 185 2745 sit
201 2680 240 2743 ab
259 2691 370 2744 autore
388 2681 533 2755 Christo;
552 2703 592 2743 an
605 2682 753 2762 Episcopi
778 2679 898 2760 possint
917 2680 980 2742 suis
1000 2681 1156 2746 constitu·

140 2781 281 2845 tionibus
312 2781 453 2863 obligare
485 2781 524 2842 ad
544 2795 706 2864 peccatum
724 2781 869 2860 capitale3
905 2801 944 2841 an
964 2781 1002 2841 ad
1022 2784 1155 2846 satutem

124 2883 299 2944 ¹conducat
320 2881 453 2944 liberum
481 2882 666 2955 arbitrium
695 2903 735 2941 an
753 2883 818 2942 sola
836 2881 915 2942 tides
941 2882 1084 2944 conserat
1103 2903 1155 2946 aa·

137 2983 251 3055 tutem3
278 3002 316 3044 an
344 2982 408 3044 dici
427 2982 538 3063 'possit
574 2982 703 3066 aliquod
733 2982 852 3043 bonum
888 3001 967 3060 opus
999 2980 1153 3059 hominisa

137 3099 176 3140 an
194 3080 287 3141 missa
301 3081 406 3160 possit
423 3081 527 3163 aliqua
545 3081 668 3144 ratione
691 3081 752 3143 dici
771 3080 966 3143 sacrificium.
1006 3082 1071 3143 Pro
1091 3081 1152 3160 bis,

137 3198 207 3261 qua
226 3180 328 3241 solent
346 3198 415 3243 asse
441 3182 575 3243 themata
594 3181 862 3245 conflictationum
886 3181 1150 3260 scholasticarum,

137 3297 198 3340 neo
223 3277 321 3342 ausim
347 3279 494 3363 cuiquam
520 3281 614 3345 vitam
633 3283 774 3363 eripere,
803 3281 830 3343 si
860 3279 959 3358 judex
978 3282 1063 3357 sim„
1089 3301 1152 3346 nae

135 3377 230 3442 'veiim
249 3376 282 3442 in
302 3381 410 3459 capitis
429 3379 597 3444 discrimen
615 3383 737 3446 venire.
774 3381 917 3461 Optarim
936 3402 1004 3444 esse
1025 3380 1145 3446 Christi

135 3489 269 3559 martyr,
299 3480 327 3543 si
345 3481 428 3543 vires
446 3479 515 3561 ipse
541 3484 737 3562 suppeditet;
769 3482 905 3544 Lutheri
928 3493 1046 3559 martyr
1074 3501 1146 3546 essa

135 3581 243 3642 nolim.
294 3581 391 3660 Quod
410 3591 513 3643 autem
531 3602 582 3644 me
597 3583 735 3646 subduxi
768 3580 987 3657 aBrabantia,
1019 3583 1149 3664 quoda

135 3678 238 3742 Roma
256 3678 416 3756 abstineo,
435 3700 503 3742 non
516 3694 617 3744 metus
636 3694 699 3759 est,
718 3684 775 3745 sed
790 3681 964 3745 eonsilium.
991 3679 1148 3761 Sciebam,

132 3797 183 3841 me
202 3778 264 3841 illie
292 3800 361 3842 esse
387 3800 454 3841 non
480 3802 590 3860 posse,
619 3782 680 3846 nisi
706 3782 930 3846 descenderem
962 3781 995 3845 in
1020 3803 1149 3849 arenam

133 3878 284 3942 adversus
302 3880 488 3944 Lutberum.
525 3884 584 3954 „At
601 3905 667 3947 non
686 3886 839 3957 habebas,
867 3880 986 3964 inquit,
1007 3893 1041 3945 tu
1060 3885 1150 3963 apud

132 3988 164 4041 te
181 3979 355 4056 consitium,
378 3981 455 4064 quid
475 3995 558 4045 esset
574 3985 658 4048 iacto
672 4008 769 4066 opus,
790 3983 817 4045 si
829 3981 934 4047 Caesar
952 3993 983 4042 te
1003 3982 1149 4059 jussisset

130 4077 163 4139 in
174 4079 349 4143 Lutberum
368 4082 505 4146 seribere
513 4083 544 4145 ?“
573 4087 662 4169 Age,
680 4087 733 4148 det
749 4083 823 4148 mibi
845 4084 1009 4146 eonsilium
1030 4085 1146 4148 Hutte-

131 4179 351 4262 nust-Fingat,
371 4181 414 4244 ita
427 4181 581 4249 Caesarem
594 4186 698 4270 toqui,
719 4187 808 4269 quod
828 4184 896 4247 sine
912 4183 1011 4247 dubio
1027 4184 1146 4249 sactum

132 4277 263 4342 fuisset:
284 4283 450 4360 „anama
482 4305 665 4366 persuasum
684 4297 731 4348 est
748 4285 858 4360 nobis,
886 4296 918 4347 te
938 4305 1008 4348 esse
1027 4287 1143 4364 virum,

121 4381 186 4460 -qui
203 4391 237 4444 et
255 4382 433 4448 eruditione
450 4393 482 4449 at
506 4384 578 4450 stilo
597 4388 764 4467 plurimum
783 4387 907 4464 valeas,
933 4395 1028 4468 atque
1048 4385 1144 4453 etiam
