2618 5108
888 46 893 59 b

536 793 725 896 Dialogus.
1078 805 1146 882 stt

527 986 739 1055 Lutberus.

191 1089 300 1171 Atque
327 1091 390 1151 hoc
413 1098 479 1164 est,
516 1090 607 1172 quod
637 1112 697 1154 nos
727 1090 784 1176 qui
814 1093 978 1158 veritatem
1009 1107 1146 1171 tuemur,

115 1192 197 1253 male
215 1191 326 1266 habet,
359 1192 449 1274 quod
467 1193 564 1255 multa
582 1192 680 1264 tacite,
694 1194 858 1275 agnoscit,
883 1196 1052 1279 aliquando
1074 1219 1147 1261 ver·

114 1290 165 1353 bis
184 1292 280 1354 etiarn
298 1291 430 1372 probat,
450 1293 507 1354 sed
525 1292 616 1354 sactis
637 1310 809 1359 aversatur.
848 1298 928 1359 Nam
944 1297 972 1360 si
989 1297 1146 1379 inspicias,

114 1403 149 1453 et
167 1392 285 1458 Petrus
304 1403 340 1453 ut
359 1392 494 1470 vixerit,
524 1404 557 1455 et
577 1395 728 1478 Episcopi
748 1408 784 1458 ut
803 1396 912 1459 vivant
929 1399 1045 1475 hodie,
1071 1400 1147 1465 nibil

114 1491 312 1554 contrarium
339 1493 438 1576 magis
467 1495 659 1574 cognovisse
696 1496 793 1560 dices.
854 1497 916 1560 Dic
944 1499 1020 1561 mihi
1050 1500 1146 1578 enim,

113 1593 327 1675 Evangelium
344 1594 493 1673 predicat
509 1595 660 1659 Decimus
678 1597 769 1675 Leo,
790 1609 822 1662 et
840 1618 976 1680 regnum
987 1600 1051 1664 Dei
1063 1600 1145 1666 inter

113 1705 227 1776 gentes
246 1693 438 1758 adnunciat?

528 1821 721 1886 Munitor-

190 1923 264 1984 Hoc
282 1921 375 1984 iaciat
395 1921 480 2004 ipse,
512 1941 585 1987 cum
603 1935 651 1985 tot
669 1925 847 1987 discurrant
863 1891 981 2006 passlm
997 1927 1145 1992 Fratrum

112 2023 225 2102 millia,
254 2045 394 2108 quorum
412 2023 458 2086 ibi
478 2045 577 2107 opera
596 2025 643 2086 uti
661 2025 758 2088 licet?

530 2151 744 2213 Lutherus.

192 2253 236 2317 At
255 2253 339 2314 nulla
358 2250 418 2314 alia
436 2251 576 2325 ratione,
603 2262 657 2311 aut
675 2250 722 2313 his
745 2251 927 2327 Fratribus,
954 2264 1009 2316 aut
1027 2250 1144 2336 quovis

115 2351 373 2417 Christianorum
406 2351 510 2432 major
538 2349 673 2429 judicari
692 2351 806 2427 debet,
841 2372 937 2435 quam
969 2354 1058 2436 quod
1082 2356 1146 2417 hoc

112 2455 215 2537 magis
242 2475 337 2538 quam
359 2453 497 2538 quisquc
525 2453 603 2515 alius
629 2453 732 2515 faciat.
772 2453 887 2536 Neque
905 2454 1054 2536 princeps
1074 2475 1145 2518 essa

114 2556 351 2638 Episcoporum
370 2552 457 2616 inani
475 2553 605 2616 nomine
625 2553 738 2629 debet,
758 2576 794 2616 rc
813 2565 908 2637 atque
924 2576 1022 2637 opere
1035 2556 1145 2621 debet.

112 2656 157 2720 Ut
188 2656 245 2740 qui
263 2655 412 2719 attentius
438 2654 599 2736 inspiciat,
615 2708 618 2713 .
632 2653 815 2737 ‹lili-gentius
844 2666 948 2732 curet,
981 2655 1145 2721 sollicitius

113 2755 279 2834 navigium
312 2755 369 2838 qui
398 2754 600 2819 commissum
625 2755 687 2818 sibi
719 2776 852 2838 gregem
879 2755 992 2820 anxius
1024 2766 1143 2838 pastor,

113 2857 245 2939 vigiliis,
275 2876 369 2931 cura,
395 2854 575 2931 laboribus,
605 2865 700 2937 atque
721 2856 808 2918 omni
831 2868 949 2920 conatu
966 2868 1092 2944 seruet,
1111 2839 1145 2922 ei

112 2959 275 3024 defendat.
312 2957 393 3019 Nam
412 2954 446 3017 in
464 2955 677 3019 mercenarios
689 2956 767 3018 istos
779 2953 914 3037 rejicere
927 2978 1035 3018 curam
1052 2958 1143 3034 banc,

111 3083 179 3127 non
194 3058 349 3144 Episcopi
370 3070 433 3133 est,
455 3059 513 3122 sed
532 3056 604 3137 ejus
624 3054 681 3142 qui
692 3057 920 3139 Episcoparum
939 3058 1092 3142 deponat,
1111 3067 1146 3124 et

111 3162 153 3227 ab
173 3164 236 3225 boc
254 3181 289 3227 se
309 3158 435 3223 abdicet
454 3157 570 3222 officio.

533 3282 732 3348 Monitor.

136 3445 140 3451 .
187 3387 291 3470 igitur
309 3406 376 3448 non
395 3385 443 3446 vis
456 3386 527 3466 plus
546 3404 641 3467 posse
654 3383 741 3449 illum
753 3384 933 3461 Summum,
953 3406 1048 3470 quam
1067 3386 1143 3450 alios

112 3488 234 3573 ubique
253 3485 460 3573 Episcopos?

103 3674 109 3684 ,
271 3629 275 3635 “
522 3609 741 3673 Lutherus.
800 3634 810 3651 ·

189 3711 355 3796 Siquidem
374 3731 515 3774 summus
535 3732 606 3774 esse
626 3710 760 3786 debeat,
786 3712 858 3792 plus
878 3709 983 3774 velim.
1023 3710 1087 3775 Sed
1107 3709 1144 3775 il·

111 3816 168 3880 iud
187 3816 258 3895 plus
277 3833 373 3894 posse
402 3810 553 3890 juvandis
573 3809 714 3874 fidelium
732 3812 861 3888 animis,
890 3833 957 3874 non
977 3813 1143 3895 &avando

111 3919 234 4000 populo
273 3914 456 3979 Christiano
501 3911 681 3976 aestimatur.
738 3914 825 3995 Quin
862 3912 956 3978 etiam
993 3935 1061 3998 quo
1093 3925 1144 3977 est

110 4015 341 4100 praecellentior
360 4015 559 4095 Episcopus,
579 4014 642 4075 boc
661 4015 759 4097 magis
775 4035 883 4077 curam
897 4014 1014 4078 habere
1033 4014 1142 4091 debet,
1254 4091 1260 4102 .

108 4138 184 4182 cum
203 4117 280 4179 sciat
298 4116 551 4197 dispensatorem
570 4133 640 4176 esse
660 4136 695 4178 se
713 4116 760 4178 rei
780 4116 904 4191 abenae,
924 4127 961 4178 ut
980 4126 1053 4195 apte
1074 4116 1143 4179 offi-

106 4218 195 4280 cium
213 4214 324 4293 faciat,
343 4215 527 4281 redditurus
547 4217 633 4297 apud
651 4235 801 4281 severum
820 4215 959 4299 judicem
978 4227 1143 4298 gestorum

104 4318 278 4393 rationem,
309 4319 366 4402 qui
386 4318 526 4383 laudabit
543 4318 678 4402 quidem
697 4319 823 4382 fidelem
843 4319 945 4395 illum,
966 4329 998 4378 et
1018 4313 1141 4397 magni·

103 4423 169 4485 fice
186 4418 330 4496 habebit,
351 4441 424 4484 eum
448 4440 527 4483 vero
548 4420 604 4504 qui
625 4419 729 4484 officio
746 4441 807 4483 suo
827 4444 885 4503 per
901 4416 1087 4504 segnitiem,
1108 4426 1141 4477 et
