2588 5048
188 821 257 905 tu
474 814 678 897 credone·
723 816 916 917 nomem

178 1015 290 1085 diost.
339 1014 536 1094 Quamquam
554 1012 660 1074 miuus
678 1008 753 1073 nihil
771 1011 905 1086 studeo,
937 1030 1031 1093 quam
1053 1008 1139 1073 vitiis
1154 1030 1212 1091 ps»

181 1115 357 1190 trocinari,
387 1128 420 1176 et
439 1113 540 1196 siquis
558 1111 742 1192 hujusmodi
760 1111 819 1187 sit,
849 1123 889 1175 ut
907 1110 941 1177 in
958 1114 1079 1179 aarum
1094 1132 1212 1194 gersus,

115 1193 121 1205 '
179 1216 364 1285 deformem
383 1215 497 1290 vitam,
529 1225 563 1275 et
582 1216 681 1279 matos
699 1211 820 1291 judicet
839 1232 967 1289 moros,
993 1224 1212 1279 recreatorem

178 1338 237 1387 ,me
255 1317 299 1381 nti
319 1319 485 1398 profiteor.
524 1316 664 1379 Tantum
683 1314 787 1388 abest,
807 1325 843 1377 ut
860 1313 1213 1380 defensoresseretim.

179 1420 295 1502 ltaque
305 1416 404 1481 nescit
418 1426 570 1499 quantum
588 1415 876 1491 orre1·issustineot,
897 1414 955 1497 qui
970 1414 1109 1496 majores
1125 1436 1214 1494 suos,

181 1520 281 1585 rebus
320 1521 469 1603 preclare
497 1518 596 1599 gestis
622 1517 775 1592 illustres,
805 1515 915 1597 jactat,
947 1517 1008 1579 uisi
1033 1518 1101 1581 tatis
1127 1518 1214 1583 enim

180 1632 234 1684 ¹est
261 1621 347 1704 ipse,
374 1631 409 1686 ut
446 1619 485 1683 ab
525 1619 584 1681 iilis
614 1639 681 1681 non
707 1625 838 1680 muttum
872 1619 969 1694 absit,
1002 1618 1080 1681 nihii
1118 1641 1213 1701 qnam

179 1724 427 1789 instrumentum
457 1720 524 1783 aliis
544 1721 734 1800 percellendi
754 1741 789 1782 se
809 1719 981 1794 ministrat,
1024 1740 1062 1783 ae
1086 1719 1214 1802 uitupe-

183 1824 276 1889 randi
296 1834 514 1905 argumentum
532 1822 687 1903 suggerit.
724 1821 821 1901 (tund
841 1820 869 1883 si
887 1819 1062 1885 rectissime
1085 1822 1215 1889 virere}

183 1936 237 1989 tur
268 1925 460 2007 utrobique,
490 1944 558 1986 non
585 1941 695 2005 posses
721 1922 868 2002 profecto
897 1920 1032 2003 negare,
1064 1942 1108 1985 ex
1141 1923 1212 1985 uiue

178 2024 330 2091 instituto
364 2024 508 2089 meliores
533 2043 604 2086 esse
632 2045 710 2096 nos,
740 2022 829 2106 qnod
855 2023 925 2104 pius
945 2023 1142 2098 laboramus,
1175 2046 1213 2087 ac

182 2124 388 2191 innocentius
407 2126 538 2199 athnoe,
564 2136 597 2186 et
616 2123 743 2185 desidias
761 2122 864 2187 minus
883 2127 1138 2204 corrumpendos
1152 2148 1213 2191 nos

178 2227 304 2293 demus.
353 2229 434 2291 Nam
468 2229 567 2287 otium
595 2236 739 2287 nostrum
769 2223 897 2286 venatio
926 2237 990 2299 est,
1019 2249 1089 2308 qam
1118 2228 1215 2293 trahet

176 2326 269 2406 ipsa,
295 2327 421 2391 laborer
451 2324 566 2388 eximie
593 2328 734 2389 turritum.
789 2327 924 2407 iusuper
950 2350 1018 2391 rem
1051 2329 1215 2397 militarem

183 2438 370 2503 tractamus,
402 2448 465 2510 qua
496 2427 747 2509 magnificentius
778 2427 854 2489 nihil
879 2440 946 2504 cst,
996 2430 1139 2514 nihilque
1171 2433 1214 2499 ui

183 2529 431 2591 conservandam
447 2527 587 2590 omnium
604 2528 686 2590 inter
701 2549 735 2589 se
753 2540 784 2587 et
798 2550 881 2604 reru,
902 2540 934 2592 ct
947 2530 1132 2613 dignitatern
1152 2532 1215 2594 nti·

182 2627 243 2691 iius
251 2672 261 2704 ,
286 2638 340 2693 aut
359 2626 571 2691 necessarium
592 2628 702 2711 magis.
739 2627 882 2690 Pertinet
902 2630 985 2693 eninr
1006 2635 1044 2693 art
1065 2634 1216 2697 tuendam

177 2724 416 2803 innocentiam,
439 2737 470 2790 et
489 2727 635 2809 injuriam
656 2730 919 2810 propulsandam
940 2751 975 2793 ae
989 2737 1057 2796 sola
1070 2734 1216 2798 omnium

185 2848 312 2917 temper
330 2849 349 2893 a
368 2827 496 2895 summis
519 2840 550 2892 et
575 2830 700 2913 optimis
721 2832 803 2892 culta
821 2831 893 2894 fuit.

578 2963 799 3027 Huttenus.

259 3061 368 3146 Atque
387 3059 485 3144 igitur
508 3073 627 3147 cyrus,
646 3063 858 3128 sanctissimus
874 3065 957 3128 inter
971 3064 1125 3128 Etlrnicos
1139 3088 1212 3147 rex,

183 3159 218 3227 in
234 3161 452 3242 pulcherrimis
472 3174 504 3227 ct
521 3186 642 3227 smnma
661 3165 845 3227 necessariis
865 3166 977 3243 studiis
997 3216 1013 3244 „
1025 3181 1215 3254 Apricultu.

185 3288 278 3343 rom,
296 3274 327 3324 et
348 3273 534 3330 Militiam⁴¹
563 3265 686 3347 posuit,
718 3288 786 3351 que
809 3269 892 3343 (tuo,
912 3277 977 3331 tota
998 3290 1015 3329 a
1035 3270 1128 3337 nobis
1149 3271 1215 3341 vita

181 3373 328 3448 aguntur.
367 3374 464 3433 Pluto
484 3378 587 3428 autem
606 3388 721 3448 pueros
742 3365 866 3429 discere
886 3390 1047 3432 armornm
1065 3370 1213 3451 peritiam

181 3463 291 3546 jubet,
313 3478 346 3529 et
365 3467 488 3531 adultos
508 3465 610 3529 statim
630 3466 744 3529 militie
755 3468 845 3530 tradi
864 3469 1012 3551 precipit.

584 3599 806 3662 Mercator.

258 3698 370 3760 Potest
389 3699 514 3761 tandem
535 3699 604 3762 finis
624 3722 693 3764 csse
714 3703 845 3776 horum,
866 3710 901 3763 ut
920 3700 961 3764 ad
979 3700 1059 3766 aiios
1074 3724 1211 3789 quoque

181 3798 348 3884 praedones
369 3797 597 3862 deveniamus?

570 3913 828 3980 Francisens.

257 4011 342 4076 Finis
363 4016 451 4076 esto!

588 4131 807 4196 Mercator.

256 4230 298 4291 Et
316 4230 434 4295 firmari
452 4233 533 4294 inter
552 4252 612 4295 nos
632 4234 732 4315 gratia
751 4235 880 4312 potest?

559 4347 585 4410 F
595 4349 817 4413 ranciscus.

254 4445 425 4511 firmetur.
