2618 5108
518 766 786 869 Expostulatio.
1017 750 1020 755 ⁵
1095 775 1173 857 ’378

137 956 232 1021 ullam
258 956 352 1024 nobis
379 958 516 1024 instituti
538 961 746 1027 mutationem
770 938 932 1029 invehant.
976 942 1104 1031 varan
1121 965 1173 1037 ld

136 1056 206 1121 illos
233 1060 335 1124 redeo
367 1059 580 1144 Imperatores
614 1075 700 1129 tuos.
749 1067 851 1130 Estne
878 1069 1048 1131 honestum
1065 1078 1170 1150 pum,
1281 1078 1285 1085 ’

136 1160 227 1244 quod
251 1160 383 1241 jubent,
411 1163 530 1244 quihus
549 1164 687 1250 obsequi
706 1177 860 1249 oportere
877 1166 982 1254 dieis?
1021 1167 1107 1250 Qus,
1122 1167 1171 1235 ἢ
1278 1188 1284 1195 .

135 1259 251 1339 jubent
270 1261 404 1345 (inquis)
425 1282 496 1327 esse
516 1277 606 1346 puto.
655 1267 730 1330 Non
748 1265 915 1331 eonsilium
939 1267 1036 1332 habes
1055 1277 1091 1333 tu
1108 1268 1172 1355 igi·

137 1371 190 1425 tur
215 1362 249 1425 iu
276 1364 330 1427 tel
358 1366 426 1429 Aut
451 1365 532 1428 ratio
558 1388 625 1429 non
648 1379 716 1444 est,
748 1389 819 1453 que
851 1369 964 1446 duest,
995 1369 1169 1452 quominus

139 1474 229 1527 extra
261 1475 293 1527 te
322 1488 458 1550 quaeras,
494 1468 526 1530 iu
553 1469 617 1531 vita
645 1468 725 1553 quid
750 1470 952 1553 sequendruu
976 1468 1036 1546 sit,
1057 1490 1168 1557 esque

138 1563 205 1628 aliis
220 1567 386 1647 pendeas?
405 1571 544 1642 „Saltem
561 1573 625 1633 hoc
640 1570 817 1635 Lutherani
836 1571 1028 1647 concedant,
1048 1570 1168 1657 inquis,

135 1668 257 1731 homini
284 1680 320 1732 ut
351 1690 428 1734 vere
462 1672 604 1735 scribunt
634 1671 841 1749 meticuloso,
879 1693 993 1752 parum
1022 1673 1166 1755 erudito,

134 1769 252 1832 nullius
274 1767 307 1833 in
326 1772 389 1834 hoe
408 1793 517 1835 rerum
538 1792 659 1855 genere
679 1773 808 1855 judicii,
829 1785 866 1837 ut
886 1784 936 1838 tot
955 1773 1167 1855 probatorum

135 1871 280 1934 virorum
299 1869 427 1953 judiciis
445 1872 622 1936 subscribat
641 1873 768 1937 alicubi.
806 1874 900 1939 Unde
918 1876 985 1938 hoc
1004 1874 1104 1958 igitur
1121 1894 1167 1941 ex

134 1983 219 2033 tanta
238 1994 346 2063 nuper
361 1973 531 2053 prudentia
549 1973 656 2038 subito
676 1974 833 2059 imperitia
851 1974 935 2039 sibit
963 1975 1058 2041 Unde
1077 1974 1167 2041 radi-

135 2070 206 2136 tas?
239 2075 315 2154 Quo
334 2073 385 2136 illa
408 2074 453 2139 sic
472 2074 575 2137 statim
603 2075 766 2154 abierunt,
800 2060 859 2158 per
890 2099 961 2161 quaa
988 2086 1053 2141 trun
1076 2074 1168 2157 multi

136 2175 277 2238 crevisse
305 2197 340 2239 se
366 2177 545 2240 testantur?
576 2178 646 2240 Jam
674 2198 714 2240 eo
742 2178 857 2241 recidit
874 2178 934 2243 tibi
951 2198 1022 2255 res,
1053 2189 1091 2241 ut
1109 2173 1168 2263 qui

139 2297 250 2339 omnes
271 2277 459 2354 erudiebas,
490 2279 589 2362 idque
607 2278 743 2343 feliciter
761 2278 854 2356 satis,
886 2278 1007 2362 ipsein
1026 2276 1168 2361 diremti*

137 2400 209 2441 nam
228 2389 260 2442 te
280 2381 337 2444 des
359 2380 634 2464 qualibuscunque
660 2402 747 2443 nunc
771 2380 953 2464 magistris?
985 2382 1091 2464 Quam
1110 2379 1170 2461 dq-

136 2479 250 2542 formis
269 2491 318 2541 est
336 2481 401 2543 haec
421 2480 595 2559 simulatio,
629 2502 725 2565 quam
743 2503 810 2545 non
829 2482 963 2559 idonea,
997 2502 1063 2566 qua
1080 2478 1170 2547 dod·

136 2579 215 2664 pias.
252 2582 400 2645 Alterum
418 2580 532 2665 igitur,
561 2592 615 2645 aut
632 2594 776 2666 perstare
795 2605 813 2645 a
832 2583 950 2646 uostris
969 2592 1002 2643 te
1022 2582 1183 2664 partibus·

134 2681 264 2758 decuit,
285 2694 340 2745 aut
354 2682 381 2746 si
398 2682 562 2747 discedere
576 2685 689 2760 velles,
707 2681 910 2764 improbandi
922 2694 1051 2760 nostra,
1070 2693 1105 2747 et
1118 2682 1169 2765 dj-

135 2805 230 2847 versa
263 2784 468 2862 consectandi
505 2805 615 2848 causas
657 2784 786 2849 habere.
841 2782 881 2846 ln
904 2792 1070 2863 Lmkero,
1101 2781 1167 2865 qis)

134 2886 303 2968 displicent
323 2886 509 2968 arrogantie
529 2887 670 2968 species,
698 2897 730 2949 et
749 2882 968 2948 maledicentia
985 2883 1168 2961 immodica.

135 2990 215 3069 Quae
235 2999 271 3050 ut
290 2987 400 3049 sintin
418 2988 489 3064 illo,
511 2987 590 3071 quid
607 2988 647 3050 ad
662 2986 763 3069 ipsam
780 2985 815 3049 id
830 3006 972 3062 causam,
992 3007 1064 3069 qua
1079 2984 1168 3063 mil·

75 3167 81 3176 Ι
135 3088 205 3151 tatis
224 3100 289 3164 est,
311 3101 344 3151 et
359 3087 548 3169 Evangelii?
567 3089 631 3153 Sed
649 3099 761 3151 contra
779 3088 946 3151 veritatem
964 3098 998 3150 et
1015 3089 1168 3173 Evangqs

135 3190 212 3251 lium
231 3189 308 3251 niliil
325 3201 372 3254 est
392 3191 514 3274 negotii
544 3192 618 3269 tibi,
646 3201 758 3253 contra
776 3190 980 3253 Lutheranos
999 3201 1067 3266 eat,
1095 3200 1168 3267 eta

135 3310 187 3353 me
209 3289 324 3373 quaeris
343 3294 450 3369 sorte,
473 3312 532 3355 cur
550 3314 601 3356 me
619 3291 695 3355 huie
713 3289 762 3355 rei
781 3290 990 3367 immisceam,
1012 3311 1110 3374 quem
1127 3300 1167 3355 ttt

136 3412 196 3474 pro
214 3392 400 3456 Lutherano
420 3414 584 3477 nunquam
602 3374 777 3456 habueris?
804 3393 920 3474 Neque
933 3383 990 3454 ,nte
1008 3389 1080 3474 ipse
1096 3390 1169 3455 Lu·

136 3494 301 3556 thermum
328 3496 421 3571 dico,
449 3506 502 3557 aut
529 3494 569 3556 ab
597 3492 665 3558 aliis
696 3492 761 3556 diei
785 3480 920 3557 libenter
945 3490 1054 3555 audio.
1100 3490 1168 3557 Sed

134 3595 238 3659 dicam
269 3595 326 3657 tibi
352 3616 409 3659 cnr
435 3596 485 3658 hic
505 3615 652 3673 movear,
695 3596 723 3657 si
747 3597 810 3657 hoc
844 3593 1051 3676 responderis
1075 3593 1166 3677 prius

133 3694 224 3774 mihi,
247 3697 326 3780 quid
345 3698 385 3761 sit
404 3696 439 3760 in
457 3698 623 3773 Lnthero,
652 3697 744 3782 qnod
761 3694 900 3765 maxime
917 3694 1077 3779 improbet
1096 3696 1166 3763 Ru.-
1236 3704 1239 3709 '

132 3820 244 3863 manus
262 3798 439 3861 Pontifex?
457 3810 489 3861 et
507 3819 565 3862 eur
582 3810 747 3881 tantopere
766 3795 941 3859 extinctum
953 3795 1052 3859 velit?
1071 3799 1168 3881 Quen
1219 3861 1222 3867 ,

133 3902 205 3964 darn
228 3920 339 3981 posses
359 3897 475 3980 jactare
495 3899 547 3963 lric
565 3902 605 3963 ad
631 3920 744 3963 vanam
762 3898 919 3980 speciem,
951 3896 1011 3961 sed
1030 3917 1104 3961 cum
1121 3916 1166 3961 ex

132 4000 330 4064 conscientia
349 4003 545 4082 respondere
566 4002 632 4078 vis,
658 4002 720 4063 hoc
739 4019 810 4063 esse
829 3997 996 4074 concedis,
1028 3998 1166 4082 quod-is

133 4125 201 4166 non
220 4102 341 4185 primus
355 4102 502 4186 quidem,
522 4103 580 4166 scd
592 4099 826 4185 potentissime,
847 4101 1066 4165 Romanorum
1077 4101 1166 4165 Pon-

133 4206 254 4268 tificum
272 4205 431 4284 tyrannidi
447 4206 570 4269 restitit.
609 4203 837 4287 Evangelinm,
858 4213 894 4265 ut
910 4211 981 4262 ante
1000 4220 1036 4265 se
1056 4220 1165 4278 nemo,

133 4305 168 4370 in
188 4310 295 4370 locum
313 4307 459 4370 restituit.
497 4306 653 4370 Humanis
678 4304 896 4369 sanctionibus
915 4303 1011 4367 iidem
1031 4303 1166 4386 abroga-

134 4406 192 4472 vit.
229 4408 523 4494 Pseudoepiscopis
548 4406 660 4473 lucum
689 4406 839 4473 detraxit.
874 4404 1060 4487 Papiaticos
1078 4403 1168 4469 iram
