2618 5108
191 1302 371 1408 Erasmus
388 1334 660 1408 Rotcrodamus
682 1334 844 1446 candido
870 1337 999 1410 lectori
1027 1337 1062 1410 S.
1085 1339 1133 1411 D.

150 1724 296 1819 Hutteni
316 1758 465 1821 decessus
485 1758 591 1841 gratiae
611 1761 752 1824 nonnihil
772 1761 909 1823 detraxit
932 1756 1053 1824 nostru
1066 1761 1169 1842 Spon-

151 1856 227 1939 giae,
265 1859 292 1921 si
318 1871 421 1923 tamen
458 1860 638 1942 hujusmodi
664 1861 845 1925 libellorum·
877 1863 938 1923 uite
973 1873 1020 1925 ast
1059 1860 1170 1942 gratie.

153 1960 234 2021 Nam
253 1960 279 2022 si
300 1960 509 2038 praescissem,
537 1969 673 2022 autnon
692 1961 945 2042 respondissem,
964 1971 1018 2023 aut
1034 1981 1169 2043 respon·

149 2059 266 2122 dissem
288 2050 392 2134 aliter}
410 2080 495 2123 nunc
515 2061 654 2142 quesitam
673 2060 794 2137 insunt,
816 2076 885 2144 quae
905 2062 991 2124 solus
1009 2061 1169 2124 Huttenns

150 2172 217 2222 erat
237 2159 471 2236 inteilccturua,
491 2159 543 2221 cui
562 2160 733 2242 Spongiam
754 2163 895 2223 nondum
914 2161 1050 2225 arbitror
1070 2162 1170 2226 fuisse
1201 2217 1204 2222 .

150 2263 333 2341 perlectam,
365 2261 452 2343 quod
477 2271 579 2322 tamen
615 2261 806 2324 affirmavere
837 2261 983 2344 qnidam3
1012 2260 1170 2343 siquidem

127 2411 128 2415 ,
150 2363 310 2422 Huttenus
331 2359 424 2442 periit
436 2358 588 2422 vicesimo
603 2381 697 2422 nouo>
707 2361 758 2423 die
770 2363 885 2424 mensis
896 2362 1055 2444 Augusti,
1074 2370 1169 2446 atque

152 2462 265 2523 ecdcm
286 2463 386 2524 ferme
412 2471 555 2543 tempore
582 2457 757 2527 Fredem'us
781 2461 951 2543 Spongiam
971 2459 1071 2537 finiit,
1102 2480 1169 2545 quc

148 2562 200 2624 iile
222 2562 325 2623 vitam.
366 2565 473 2643 Atque
493 2561 612 2623 utinam
625 2583 729 2638 ruore,
748 2561 1012 2644 qtremadmodum
1025 2563 1168 2627 Hutteno

152 2660 283 2744 contigit
302 2662 374 2725 satis
405 2661 514 2738 felix,
533 2661 652 2744 quippe
671 2684 740 2746 qnae
766 2660 914 2724 miserum
940 2671 988 2722 tot
1012 2662 1100 2725 malis
1118 2663 1170 2727 uei

152 2766 268 2827 exemit
288 2763 493 2847 urgentibus,
518 2764 568 2824 uei
587 2761 737 2827 subduxit
759 2759 1010 2838 imminentibus,
1030 2761 1073 2824 ita
1090 2781 1169 2827 eon·

150 2864 272 2945 tigisset
301 2865 460 2948 aliquanto
487 2863 657 2939 maturior,
688 2860 834 2924 videlicet
864 2859 952 2942 priua
985 2880 1079 2945 quam
1107 2863 1169 2926 hue

149 2965 290 3029 amentiae
312 2965 511 3041 devenisset,
544 2976 580 3026 ut
600 2965 704 3025 libello
726 2974 787 3024 tam
806 2961 1029 3042 sycophantico
1047 2972 1169 3026 tantm

145 3065 290 3138 invidiae,
330 3075 513 3146 tantumque
549 3062 626 3124 labis
662 3062 859 3138 conciliaret,
895 3072 963 3125 tum
998 3060 1075 3139 sibi,
1101 3074 1169 3127 tntu

147 3163 239 3225 bonis
261 3163 377 3236 literis,
405 3172 472 3224 tum
498 3163 629 3244 negotio
650 3160 860 3243 Euangeliou,
891 3173 958 3224 tum
978 3161 1168 3226 Germanico
1191 3227 1199 3237 ,

146 3263 287 3344 denique
308 3261 436 3323 nomini.
477 3263 555 3324 Nem
574 3264 624 3325 hic
643 3263 769 3326 minima
788 3265 939 3325 maiorum
958 3262 1064 3343 portio
1086 3263 1168 3326 redit

148 3364 187 3425 ad
208 3367 277 3425 me!
300 3366 498 3445 Quamquam
517 3362 543 3425 si
562 3363 654 3427 rectis
670 3361 797 3444 judiciis
809 3363 951 3427 homiues
963 3363 1166 3439 ducerentur,

146 3483 356 3546 nonaequum
371 3475 454 3525 osset
474 3484 664 3546 quemquam
685 3462 876 3546 iniquiorem
895 3461 964 3525 fieri
983 3459 1076 3526 bonis
1097 3458 1166 3522 lite·

141 3562 202 3639 ris,
227 3561 254 3626 si
276 3562 347 3646 quis
369 3561 490 3638 extitit,
511 3561 566 3646 qui
587 3563 633 3625 his
652 3583 802 3644 perverse
824 3573 950 3638 utatur,
980 3581 1041 3622 uec
1059 3562 1166 3624 Evau-

141 3664 247 3746 gelico
277 3661 427 3747 negotio,
452 3662 505 3725 eui
532 3683 601 3725 sese
620 3664 778 3725 Huttenus
801 3662 998 3744 impudenter
1024 3660 1165 3743 ingessit,

140 3785 213 3825 cum
235 3765 323 3826 ilium
352 3775 386 3825 ut
412 3764 533 3827 hostem
553 3784 617 3826 suae
638 3784 738 3825 causes
766 3773 964 3826 aversaretur
988 3760 1080 3824 etiam
1097 3760 1167 3825 Lu·

139 3866 269 3938 theros,
298 3867 396 3926 mutto
416 3884 496 3926 vero
517 3863 656 3947 iniquius
676 3885 716 3925 ex
737 3861 830 3927 unius
850 3861 928 3925 vitio
949 3859 1044 3924 totius
1063 3862 1166 3943 gentio

142 3962 306 4046 ingenium
319 3964 479 4027 estimare.
518 3964 638 4026 Habuit
655 3963 779 4043 Scythia
790 3983 884 4025 suum
898 3971 1165 4041 Anacharsidem,

89 4046 102 4080 ¹
139 4076 170 4125 et
192 4066 304 4126 multos
330 4064 442 4126 blitens
464 4065 729 4145 genuitAthcnee.
767 4061 819 4127 Ab
839 4062 901 4125 hoc
919 4082 994 4124 saure
1007 4063 1166 4125 dedecore

139 4176 251 4242 praeter
276 4184 402 4226 omnem
422 4159 547 4226 causam
566 4165 689 4228 violatae
709 4162 849 4226 amicitie
864 4162 1073 4225 vindicassem
1090 4163 1167 4226 ami·
