2618 5108
298 104 837 310 „Wal-

427 805 641 889 ,tracones
687 804 875 910 Dialogus.
1098 816 1173 893 486

544 999 767 1065 Mercator.

155 1142 159 1155 ·
220 1104 266 1167 Et
283 1102 330 1169 sio
346 1100 426 1169 tibet
447 1103 640 1167 concludere
658 1123 840 1169 sermonem
857 1105 959 1183 hune,
978 1115 1026 1182 ut.
1044 1105 1072 1169 si
1081 1116 1172 1169 uter·

141 1224 218 1307 ⁸¹⁸⁰,
234 1206 317 1269 ordo
336 1215 518 1267 constanter
537 1203 571 1267 in
591 1204 698 1267 officio
716 1216 863 1282 manent,
882 1206 1005 1271 nobiles
1024 1207 1092 1271 sitis
1111 1228 1170 1275 vos

142 1326 183 1369 ac
200 1305 375 1389 generosi,
395 1326 455 1369 nos
474 1304 545 1371 fieri
564 1306 737 1388 possimur3
758 1305 835 1371 nihil
853 1321 1005 1388 praterea
1024 1308 1171 1381 intorsit?

528 1438 788 1504 Franciscus.

142 1540 166 1567 ’·
216 1538 265 1601 lta
284 1558 413 1602 censeo.
450 1540 533 1604 Nam
551 1552 584 1602 ct
602 1552 711 1605 nostra
730 1542 824 1604 uobis
842 1540 930 1605 initia
947 1540 1090 1605 fuemmt.

548 1673 769 1738 Mercator.
795 1684 798 1689 '

138 1760 146 1877 L
220 1772 323 1855 Quale
342 1784 425 1835 esset
443 1774 506 1835 hoc
533 1786 654 1853 autem,
683 1776 709 1839 si
730 1774 797 1838 tolli
824 1798 843 1839 e
870 1776 976 1842 medio
1000 1776 1173 1842 simultates

145 1880 294 1959 possent,
311 1876 384 1958 'qure
403 1894 464 1937 nos
484 1874 635 1938 dirimunt
654 1877 889 1942 communiter?

524 2009 782 2075 Franciscus.

140 2192 145 2203 .
166 2150 192 2203 Ι·
221 2107 332 2175 Credo
351 2130 458 2191 posse.
495 2110 576 2173 Nam
595 2132 658 2191 ego
678 2113 807 2197 quidem
828 2113 860 2177 id
878 2111 1048 2196 aliquando
1063 2112 1173 2177 facere

146 2207 277 2297 cogito,
305 2232 371 2295 quo
396 2210 455 2273 iste
475 2232 526 2273 me
545 2213 706 2275 Huttenus
727 2216 839 2295 sedulo¹
858 2216 1003 2299 instigat,
1024 2224 1059 2277 ut
1072 2234 1173 2299 quan·

143 2322 210 2377 tum
229 2308 263 2375 in
284 2334 335 2375 mc
351 2312 406 2388 sit,
429 2325 522 2377 autor
543 2316 615 2375 fram
632 2316 737 2379 ordini
756 2330 884 2396 nostro,
905 2327 1067 2403 perpetue
1085 2334 1173 2409 com·

139 2414 300 2499 ponende
320 2434 393 2477 cum
411 2414 519 2477 liberis
539 2414 718 2479 civitatibus
738 2419 856 2499 gratie.

543 2532 764 2598 Mercator.
1213 2622 1215 2627 .

219 2632 319 2714 Quod
338 2644 373 2695 tu
393 2632 513 2697 utinam
533 2632 664 2714 incipias
684 2635 936 2718 quamprimum,
962 2648 996 2698 et
1014 2637 1175 2719 inceptum

136 2736 346 2821 persequaris
365 2733 637 2812 constantissime,
657 2746 754 2819 teque
775 2737 925 2801 obfirmas
943 2737 1007 2803 ibit

522 2853 784 2918 Franciscus.

216 2950 318 3019 Certe
334 2951 485 3019 meditor.

551 3072 769 3138 Hnttenus.

217 3170 328 3237 Jub'co
348 3190 478 3252 sperare
496 3184 547 3252 te,
568 3175 672 3239 faciet.

553 3298 777 3363 Mercator.
1137 3366 1139 3371 ,

209 3396 358 3462 'Gratum
377 3397 485 3463 audio.
524 3398 605 3465 Nam
624 3400 734 3464 ridere
755 3398 890 3475 videor,
911 3420 981 3483 quus
1000 3398 1073 3461 huic
1089 3396 1177 3459 bona

141 3498 323 3563 Germaniae
344 3521 509 3563 accessura
529 3502 608 3576 siut,
631 3523 725 3585 quam
745 3512 851 3577 aucta,
875 3520 1035 3585 quamque
1055 3498 1175 3560 florens

140 3620 204 3678 ea,
224 3598 252 3664 si
271 3600 436 3685 contingat
458 3602 537 3678 hoc,
558 3600 666 3665 sutura
687 3602 744 3664 sit·

534 3728 795 3790 Franciscus.

219 3826 330 3911 Atque
350 3849 413 3911 ego
434 3827 551 3904 vidco;
584 3829 627 3889 ob
657 3827 756 3911 idque
782 3826 922 3891 studium
946 3824 1021 3889 mihi
1049 3822 1177 3907 jampri-

143 3924 219 3991 dem
240 3924 388 4005 incessit,
419 3929 526 4015 siquid
546 3929 679 3991 consilio
699 3928 816 4011 passim
836 3941 867 3989 et
887 3926 1108 3991 exhortatione
1125 3925 1178 3987 rel

145 4028 315 4092 autoritate
338 4029 449 4107 etiam,
473 4031 677 4095 concordiam
700 4032 780 4094 hauc
803 4028 985 4093 inducendi.
1022 4028 1086 4091 Sed
1100 4026 1178 4089 alios

141 4150 375 4216 persequamur
396 4133 582 4197 Praedones.

547 4257 768 4321 Mercator.

222 4358 276 4422 Sic
294 4359 439 4435 videtum
469 4371 502 4423 et
529 4358 680 4445 quisunt
700 4350 793 4421 tertio
826 4359 901 4419 loco
922 4355 978 4442 qui
997 4354 1178 4437 praedantur

142 4463 175 4527 in
195 4460 396 4527 Germanirt
