2618 5108
27 61 504 280 ’,αα-ΨΜ.
541 250 558 262 θ

315 762 491 871 adversus
515 762 754 866 adspergines
776 765 941 847 Hutteni.
1070 768 1143 847 483

123 958 176 1019 siae
191 956 369 1041 descripsit.
412 955 483 1021 'Sed
506 955 632 1021 interim
660 957 725 1020 lucc
745 954 977 1038 expensario,
1004 954 1057 1021 bic
1079 972 1140 1039 per

120 1060 291 1135 multorum
307 1078 415 1121 manus
427 1067 553 1141 vagata,
573 1057 692 1137 perlata
707 1069 775 1120 erat
787 1056 1011 1139 'l'burregium
1031 1058 1142 1123 Docu-

120 1177 207 1220 cram
225 1159 267 1220 de
286 1157 450 1241 colloquio
469 1159 659 1234 detrectato,
689 1177 759 1220 rem
778 1176 870 1219 secus
889 1157 1024 1233 babere,
1042 1176 1141 1241 quam

119 1256 170 1319 ille
196 1259 426 1338 scupicsretur3
470 1258 512 1322 de
541 1258 675 1338 epistola
703 1255 886 1320 Hoclsstrati
917 1257 1069 1339 purgari3
1097 1256 1141 1323 ds

120 1354 294 1439 Capnionis
311 1357 544 1423 insimulatione
563 1360 677 1434 doceo,
697 1377 748 1420 me
767 1376 809 1419 ue
827 1357 999 1421 somniasse
1011 1355 1141 1441 quiden
1268 1356 1273 1367 '

118 1477 278 1541 unquam3
300 1459 341 1521 de
360 1458 491 1540 negotio
510 1458 644 1522 Lutberi
674 1458 788 1533 docui,
817 1478 869 1521 sue
897 1457 973 1523 nibil
991 1469 1140 1538 mutem,

119 1576 179 1620 nec
199 1557 231 1619 in
251 1558 334 1622 illins
353 1558 493 1622 lectione
517 1560 616 1623 luisse
635 1580 794 1642 unquam,
824 1569 858 1621 et
882 1558 915 1622 in
940 1556 1138 1642 Euangeliou
1174 1592 1177 1597 ·

119 1657 252 1739 negotio
272 1659 481 1741 provehendo
500 1671 603 1723 totum
621 1680 711 1733 esse3
740 1656 816 1722 mibi
840 1657 918 1723 nibil
944 1659 1046 1723 adbuc
1065 1677 1138 1723 em

118 1757 268 1838 scriptum
295 1759 447 1822 adversus
467 1757 570 1836 illum,
600 1771 650 1836 et,
676 1757 704 1820 si
725 1756 804 1842 quid
821 1757 996 1840 scripturus
1022 1777 1138 1837 essem,

115 1875 167 1919 me
199 1857 277 1919 citra
309 1857 503 1934 convicium,
543 1857 734 1941 argumentis
777 1879 815 1920 ac
848 1859 1010 1940 scripturn
1038 1878 1137 1922 sacr·

117 1955 305 2018 testimoniis
324 1967 485 2033 acturum,
505 1970 589 2021 tanta
606 1958 843 2034 moderatione,
870 1968 1020 2042 tantaque
1039 1955 1138 2040 squi-

118 2064 198 2130 tate,
229 2068 265 2117 ut
294 2077 354 2118 nec
386 2057 454 2137 ipse
479 2058 640 2123 Lntherus
672 2058 792 2121 offendi
822 2067 941 2137 posset.
988 2056 1136 2135 Ostendi,

119 2175 215 2239 quam
234 2158 296 2218 hoc
324 2158 488 2222 consilium
517 2171 599 2223 esset
626 2159 737 2223 inutile
762 2169 830 2220 tum
858 2155 1053 2237 Evangelico
1077 2177 1136 2223 ne·

117 2256 226 2340 gotio,
247 2267 313 2319 tum
334 2257 512 2321 liberalibus
539 2261 668 2336 studiis,
701 2271 767 2323 tum
786 2256 885 2338 ipsius
914 2257 1007 2320 etiam
1025 2256 1134 2337 rebius

114 2367 152 2418 nt
176 2377 260 2418 nunc
287 2356 422 2433 habent,
452 2359 597 2423 Hulteni.
642 2348 719 2422 llaec
743 2358 866 2442 aliaque
886 2358 983 2421 mutu
1007 2368 1075 2421 tum
1093 2355 1137 2423 sd

113 2454 201 2519 illum
220 2456 341 2539 scripsi.
380 2457 611 2522 Dissuadebant
630 2458 721 2522 amici
738 2458 843 2533 docti,
875 2479 917 2521 ue
934 2459 1027 2523 talem
1045 2456 1136 2521 libel·

112 2557 178 2620 lum
213 2559 392 2640 evulgaret,
430 2568 527 2641 atque
572 2559 640 2640 ipse
678 2557 771 2620 etiam
800 2556 1064 2639 Eppendorpiua
1097 2567 1136 2622 ut

112 2657 239 2720 affirmat
258 2658 351 2720 etiam
377 2679 414 2720 ac
443 2660 560 2722 latetur
582 2661 755 2723 Hutlenus.
802 2657 862 2720 His
877 2656 1036 2719 ‘omnibus
1055 2676 1135 2721 cou-

113 2755 239 2836 templis
258 2758 419 2839 evulgavit
437 2759 596 2836 libellum,
623 2757 715 2825 nullis
734 2755 959 2839 jucundiorem
976 2754 1134 2835 futurum,

112 2874 208 2938 quam
227 2855 285 2932 bis,
307 2858 519 2940 quiLuthero
539 2871 572 2923 et
590 2858 706 2941 linguis
724 2852 866 2921 ethonis
883 2854 980 2918 literis
997 2854 1135 2939 pessima

112 2957 243 3034 volunt,
275 2969 307 3021 et
334 2979 417 3041 qnos
441 2959 577 3041 pessime
605 2958 674 3022 odit
698 2959 879 3033 Huttenus,
912 2955 1035 3019 rivers
1052 2976 1135 3037 prn-

111 3055 205 3118 dicat.
243 3058 344 3136 Quam
363 3058 448 3121 enim
475 3059 649 3122 insolenter
665 3058 801 3141 gestient
819 3056 889 3119 ibit
919 3055 1006 3139 Quid
1024 3057 1133 3123 diosus

110 3154 299 3219 intersere:
329 3158 457 3228 „Habet
476 3160 626 3223 Erasmus
645 3179 739 3224 suum
755 3156 851 3220 toties
870 3155 1030 3221 laudatum
1047 3157 1132 3221 llut-

108 3263 232 3316 tenum:
252 3256 377 3318 lrustur
395 3261 458 3320 eol
482 3259 587 3322 Habet
603 3260 683 3323 illam
700 3257 794 3321 toties
815 3258 988 3321 adamatam
1007 3254 1131 3339 ingenii

107 3375 238 3418 venam:
270 3355 396 3419 fruatur
423 3357 494 3421 illal
524 3362 739 3423 Exosculctur
756 3356 838 3420 illam
856 3355 1004 3421 dictionis
1025 3366 1130 3421 Vem-

108 3483 176 3521 rem
194 3455 289 3519 toties
309 3457 532 3537 prediorum!
552 3462 620 3523 Nec
639 3460 754 3524 desunt
771 3457 863 3533 adeo,
883 3455 940 3540 qui
958 3455 1131 3537 predicent

107 3558 284 3623 Hutteuum
319 3559 359 3621 ab
389 3559 582 3624 Hochstrato
617 3571 649 3623 et
691 3559 897 3621 Ecmondano
926 3565 980 3618 aut
1010 3556 1129 3623 norun

107 3659 270 3724 sodalibus
301 3660 511 3736 conductum,
537 3661 603 3723 haec
628 3657 662 3720 in
691 3660 856 3720 Erasmum
880 3655 1061 3735 scripsisse3
1088 3676 1128 3720 se
1187 3709 1189 3713 ,

105 3756 181 3821 nihi
204 3779 279 3823 sane
301 3761 336 3823 fit
356 3758 535 3824 verisimile.
582 3759 715 3825 Jocatur
738 3756 853 3819 alicubi
876 3754 950 3817 satis
969 3757 1124 3839 apposite,

106 3874 143 3919 se
167 3857 359 3924 subodorari
377 3859 530 3942 predam,
552 3881 647 3943 quam
665 3856 818 3921 Pontifex
838 3853 1004 3933 objecerit.
1042 3854 1128 3925 Mihi

104 3953 204 4037 magis
240 3957 366 4020 subolet
397 3962 518 4042 preda,
557 3980 651 4042 quam
685 3954 876 4039 objecerunt
908 3954 1061 4021 Monacbi
1087 3978 1126 4023 so

105 4051 276 4137 Theologi.
315 4057 383 4120 nae
398 4058 482 4122 enim
493 4060 556 4122 boc
570 4059 731 4141 inceptum
745 4076 858 4120 recens
877 4063 941 4130 ast,
962 4067 1054 4122 retus
1073 4070 1125 4125 cst

104 4157 245 4234 comice,
263 4156 339 4218 licet
355 4177 443 4222 nunc
457 4159 583 4223 demum
595 4180 653 4240 per
671 4154 870 4221 occasionem
891 4175 951 4236 pus
970 4158 1125 4239 emperia

101 4252 187 4323 ana
212 4256 391 4339 comm
418 4280 542 4324 menses
565 4258 761 4340 scripserunt
778 4252 888 4331 amici,
914 4254 1025 4317 nescio
1043 4256 1130 4341 quisl-

100 4349 197 4420 libelli
222 4367 365 4441 paratum
393 4359 426 4423 in
451 4379 514 4425 me.
559 4357 776 4442 Expectabam
803 4353 1127 4423 concertatiunculaud
