2618 5108
362 302 389 310 ,-
412 117 820 314 *Ὦμύ-ἰ
863 278 881 290 ⁹

371 827 428 900 Ad
452 826 648 900 Erasmum
674 829 838 926 epistola.
1073 835 1121 902 53

87 1021 137 1085 Da
159 1020 276 1105 aliquid
296 1019 437 1084 omnium
457 1019 561 1097 votis,
583 1021 610 1084 si
630 1043 696 1084 non
717 1022 819 1104 parcis
837 1035 898 1084 tum
911 1021 1012 1087 saluti.
1053 1025 1121 1087 No·

86 1144 165 1184 vum
192 1123 256 1184 hoc
288 1133 377 1184 tnum
405 1124 435 1184 in
464 1142 633 1184 commune
670 1123 871 1187 benefactum
898 1123 968 1186 crit.
1030 1124 1120 1188 Cede

87 1223 205 1285 nostris
227 1221 395 1304 precibus,
416 1224 472 1306 qui
493 1223 626 1286 istorum
645 1235 801 1286 terrorem
815 1225 1000 1287 contemnis.
1031 1224 1118 1288 Con·

87 1325 168 1386 cede
196 1324 372 1387 amicorum
397 1324 582 1400 desideriis,
619 1325 646 1387 si
670 1325 804 1389 istorum
835 1327 899 1388 vim
928 1347 994 1389 non
1021 1325 1118 1408 fugis.

84 1429 162 1489 Non
189 1426 267 1489 tanti
297 1425 394 1488 fuerit
421 1427 552 1488 Erasmo
576 1427 770 1504 Lovaninm,
803 1440 839 1490 ut
865 1427 946 1490 illins
967 1448 1047 1510 crgo
1068 1427 1118 1490 sui

82 1527 197 1591 fructu
212 1527 393 1590 nniversam
407 1526 555 1590 fraudare.
568 1527 644 1588 velit
656 1527 864 1592 Germaniam.
904 1528 1003 1590 Nimis
1013 1527 1117 1608 magni

86 1630 268 1694 constiterit
294 1632 388 1692 unius
408 1629 497 1692 urbis
527 1651 635 1704 amor,
666 1629 692 1692 si
713 1632 792 1692 hanc
818 1629 947 1710 publico
968 1629 1117 1710 protem

84 1732 260 1795 desiderio.
299 1730 487 1793 Memineris
516 1750 676 1793 vencnum
700 1752 769 1805 esse
797 1735 876 1794 clam
897 1741 927 1793 et
947 1731 1026 1793 sicas
1047 1751 1117 1792 esse

83 1831 286 1907 memineris,
307 1831 334 1895 si
353 1831 518 1895 manifesta
536 1853 604 1892 non
623 1834 723 1896 times.
763 1833 854 1908 Hoc,
876 1831 982 1914 quite
1004 1843 1117 1909 amant,

85 1936 276 2017 efflagitant,
329 1955 468 2017 qnorum
509 1935 636 2001 tandem
666 1934 778 1998 studiis
816 1933 974 2006 concede,
1014 1944 1046 1996 et
1085 1949 1116 1996 te

84 2036 180 2099 nobis
209 2038 241 2097 in
266 2056 435 2097 commune
459 2056 551 2097 serva
575 2057 610 2096 ac
633 2035 751 2114 optime
765 2037 844 2096 vale.
859 2035 889 2111 n)
929 2036 982 2094 Ex-
993 2033 1116 2097 Ebern·

84 2140 192 2221 burgo
206 2159 265 2218 per
274 2157 508 2199 amanuensem.
524 2135 802 2199 ldib.Novembris
815 2137 909 2199 Anno
924 2134 972 2195 M.
984 2134 1025 2195 D.
1036 2135 1115 2198 XX.

84 2264 155 2325 quae
176 2240 210 2302 in
242 2260 377 2319 puerum
404 2259 509 2300 mcum
529 2238 708 2312 contulisti,
736 2239 767 2298 in
795 2236 899 2316 ipsum
926 2254 976 2296 mc
1004 2236 1115 2299 collata

82 2342 247 2404 arbitrare.
300 2340 445 2402 Reddam
473 2340 586 2401 vicem.
632 2340 740 2419 ipsum
764 2359 831 2398 non
857 2337 1013 2399 remittam
1032 2334 1113 2401 hinc.

77 2445 196 2525 Neque
216 2440 300 2505 enim
318 2461 427 2505 carere
446 2463 576 2523 possum
595 2440 662 2504 fido
681 2439 844 2522 magistro.

111 2758 145 2828 ⁸)
168 2768 230 2814 Wan
249 2778 298 2810 nnn
316 2765 397 2826 font,
420 2765 452 2812 ist
469 2776 518 2811 von
535 2766 638 2811 Hnttcm
656 2763 754 2820 ciscner
771 2759 839 2810 nand
860 2754 1023 2812 nesctnieben.
