2618 5108
189 830 264 904 626
442 826 738 909 ouamnteuti
761 825 965 927 Responsio

187 1019 413 1104 Evangelium,
439 1021 518 1108 luga
545 1022 737 1087 consulimur
756 1018 858 1086 saluti.
904 1014 1046 1084 Donabit
1063 1020 1097 1074 et
1117 1010 1200 1071 llut-

173 1129 280 1198 .teuo,
311 1124 400 1206 quod
419 1123 677 1208 persequentium
695 1121 756 1185 iras
781 1132 813 1184 et
830 1118 959 1183 insidias
984 1109 1200 1179 declinaverit.

190 1222 272 1286 Nem
297 1243 339 1286 ne
364 1223 444 1288 illius
475 1245 606 1310 quoque
630 1207 779 1287 valetudo
807 1221 870 1283 hoo
895 1216 1034 1295 ferebat,
1063 1225 1099 1277 ut
1116 1211 1200 1274 iuter

187 1322 294 1387 horu·
316 1337 506 1389 versaretur.

264 1426 463 1490 Erasmus.
501 1427 650 1490 Nondum
700 1426 793 1505 plane
825 1430 964 1495 constat,
1004 1436 1046 1479 an
1085 1409 1201 1475 veritat

189 1522 383 1606 Euangeliou
401 1528 441 1591 rit
457 1548 556 1610 penes
577 1527 762 1589 Lutherum.

193 1678 197 1683 .
266 1623 374 1688 Otto.
414 1625 477 1691 Cui
496 1648 563 1691 non
582 1626 726 1690 constat?
759 1623 828 1688 Nisi
846 1623 929 1686 lorte
950 1618 1034 1702 apud
1051 1638 1124 1691 eos,
1145 1614 1202 1698 qul

189 1723 354 1805 scripturis
381 1726 495 1790 divinis
523 1730 618 1791 iidem
645 1729 758 1790 nullam
784 1722 921 1788 habent?
960 1720 1055 1802 Quod
1082 1718 1110 1779 si
1136 1737 1203 1779 non

192 1826 311 1905 placet,
330 1846 407 1909 age,
424 1825 475 1890 vir
491 1827 551 1904 sis,
571 1829 719 1904 ostende,
739 1826 920 1889 mendaeem
939 1825 1026 1885 esse!

268 1926 467 1990 Erasmus.
505 1929 602 2009 Quod
622 1929 648 1990 si
667 1938 788 1992 constet
805 1927 963 2000 Hutteno,
984 1919 1203 1985 verivtenaeis-

191 2022 290 2101 simo,
311 2037 343 2089 et
360 2039 484 2111 paratur
502 2039 565 2105 est,
585 2050 644 2111 pro
657 2028 739 2090 illius
758 2026 943 2090 defensione
959 2035 1090 2086 mortem
1103 2043 1204 2104 oppe-

193 2135 280 2199 tere,
300 2146 358 2190 eur
376 2129 490 2210 fugitat
506 2149 543 2191 ac
561 2130 681 2192 latitat?
700 2130 759 2190 Eat
772 2129 924 2202 Romam,
943 2136 995 2186 aut
1013 2137 1064 2187 eat
1083 2125 1117 2186 in
1129 2124 1205 2187 Gal·

192 2225 433 2310 logermaniam,
453 2229 508 2293 ubi
527 2230 689 2312 continget
706 2239 829 2310 sperata
847 2229 956 2310 palma.

267 2327 375 2392 ouo.
412 2330 586 2413 Egregium
600 2343 686 2394 oerte
700 2332 845 2392 acumen!
869 2328 947 2408 Quis
967 2337 1122 2408 sperasset
1140 2338 1203 2388 tam

191 2423 318 2510 insigne
336 2431 588 2508 deliramentum,
619 2454 637 2494 a
657 2432 727 2495 viro
748 2416 813 2507 ‚tam
829 2429 977 2509 prudenti
997 2438 1028 2488 et
1052 2426 1204 2520 erudito?
1262 2464 1265 2469 ·

191 2527 266 2591 Non
286 2530 383 2609 pudet
403 2542 434 2593 te
454 2541 514 2594 tam
531 2531 698 2612 puerilium
711 2528 1010 2594 deliramentorum?
1031 2528 1104 2589 Non
1116 2526 1207 2607 eogi-

191 2627 296 2707 ubas,
315 2634 422 2694 saltem
442 2633 527 2694 viros
547 2633 642 2696 hodie
658 2653 727 2698 esse
746 2632 838 2694 etiam
855 2631 966 2703 laicos,
986 2627 1064 2710 legis
1084 2628 1209 2709 peritis·

189 2730 304 2808 simos,
337 2733 452 2815 quibus
470 2733 498 2797 si
518 2746 682 2817 perspecta
701 2737 791 2797 lieret
809 2735 873 2795 haee
893 2729 1018 2791 stultitia
1038 2740 1107 2804 tua,
1129 2750 1208 2793 naso

187 2818 328 2895 'fuissent
346 2835 530 2915 suspensuri
548 2846 596 2912 te,
620 2838 672 2898 vel
690 2835 827 2897 medium
841 2831 973 2912 digitum
993 2831 1207 2893 ostenderent.

190 2933 251 2994 Eat
271 2935 424 3010 Romam,
454 2933 580 3019 inquis,
602 2948 655 2999 aut
674 2937 707 2998 in
727 2930 1023 3015 Gallogermaniam!
1047 2934 1153 3011 Quare
1172 2942 1209 2993 tu

192 3053 259 3095 non
280 3035 346 3097 abis
375 3036 415 3096 ad
436 3037 576 3110 'suroas,
605 3035 670 3099 imo
696 3036 735 3097 ad
760 3048 833 3097 tuos
865 3033 1144 3113 Gallogermanos,
1172 3043 1210 3093 ut

195 3137 396 3215 evangelizes
416 3157 549 3217 regnum
568 3137 649 3211 Dei,
674 3157 745 3200 eum
764 3138 876 3197 doctor
896 3132 937 3195 sis
959 3144 989 3194 et
1011 3133 1208 3214 Theologus,

195 3242 229 3296 et
256 3232 379 3315 linguas
410 3236 532 3298 habes?
566 3236 738 3320 Continget
765 3247 796 3296 et
815 3234 864 3298 lrie
883 3245 1004 3317 sperata
1025 3233 1121 3312 palma
1141 3232 1211 3295 tibi.

196 3333 371 3418 Continget
389 3356 508 3398 corona
527 3318 623 3411 vitae,'
643 3338 682 3399 de
710 3358 773 3420 qua
793 3336 943 3417 scriptum
967 3344 1013 3395 est
1033 3335 1064 3396 in
1084 3337 1212 3415 Apoea-

194 3435 287 3516 lypsi.
326 3437 394 3498 lmo
411 3458 510 3519 quare
529 3449 563 3500 tu
580 3438 712 3501 Romam
731 3458 796 3499 non
815 3437 891 3512 abis,
911 3435 1004 3498 toties
1023 3456 1080 3516 per
1098 3435 1211 3496 Ponti-

195 3538 288 3599 ficem
306 3538 427 3600 illectus
447 3550 627 3622 tractusque
654 3551 687 3601 et
711 3538 826 3600 viatico
847 3537 1021 3618 promisso,
1052 3535 1107 3617 qui
1126 3534 1211 3597 sedis

134 3709 140 3725 ἱ
196 3647 258 3699 tam
279 3639 413 3702 devotus
433 3661 467 3701 es
491 3640 617 3703 cultor?
642 3641 708 3703 Aut
727 3660 825 3721 quare
844 3637 1014 3701 Pontifices
1035 3637 1081 3698 tui
1093 3657 1159 3697 non
1171 3637 1212 3698 ad

198 3738 318 3800 Turcas
337 3743 535 3816 concedunt,
565 3740 620 3823 qui
648 3752 750 3803 tamen
778 3741 838 3802 hoe
863 3737 966 3818 ipsum
986 3748 1107 3799 vovent
1125 3734 1213 3815 jure-

197 3834 351 3918 jurando,
381 3838 456 3903 dum
476 3843 508 3902 in
528 3841 700 3904 Pontifices
721 3841 952 3914 adsciscuntur,
985 3839 1212 3920 utaliquando

198 3941 418 4019 evangelizent
437 3941 529 4004 etiam
541 3941 655 4004 Tarsia
675 3953 707 4005 et
719 3939 889 4026 gentibus?
908 3943 1015 4022 Quare
1030 3953 1132 4001 etitem
1150 3941 1214 4001 hue

199 4064 264 4106 non
297 4041 397 4104 eunt?
425 4041 573 4124 quoniam
607 4042 726 4118 seium,
756 4065 790 4106 se
821 4041 954 4105 verbera
984 4053 1214 4123 reportaturos.

200 4147 306 4225 Quare
323 4165 381 4206 uos
396 4144 526 4206 Romam
542 4164 607 4207 non
623 4144 726 4207 imus?
741 4144 896 4224 Quoniam
911 4143 1036 4218 scimus,
1053 4143 1113 4204 illie
1130 4164 1211 4217 esse,

200 4246 256 4330 qui
276 4245 442 4328 religiosos
470 4257 501 4307 et
530 4228 797 4308 sanctissimorse
823 4247 962 4325 lingunt,
994 4254 1108 4305 elnon
1129 4255 1214 4319 siant,

199 4350 257 4413 sed
274 4359 348 4412 sunt
366 4369 527 4431 synagoga
546 4351 686 4412 Satanae:
714 4345 865 4429 quoniam
882 4345 1015 4418 scimus,
1044 4343 1216 4407 Diabolum

199 4448 262 4512 illio
279 4449 314 4512 in
331 4468 490 4513 earoerem
509 4449 677 4514 musarum
696 4445 867 4534 quosdam,
898 4454 931 4506 et
952 4445 1029 4509 illud
1061 4446 1161 4507 solum
1181 4443 1215 4506 in
