2618 5108
306 735 484 827 adversus
504 750 927 854 adsperginesflutteni.
995 809 1012 847 3,
1037 754 1110 834 llb

101 941 221 1015 pissas.
259 941 338 1014 ,Sed
354 939 438 1024 jacto
458 942 648 1025 Principum.
661 945 701 1008 sd
718 965 773 1011 me
787 946 907 1023 literas,
929 953 962 1010 et
977 943 1111 1010 eliorum

99 1045 141 1107 de
159 1047 236 1107 meis
255 1045 523 1108 lucubrationibus
535 1045 795 1126 praedicationes?
835 1051 886 1109 Ex
909 1067 949 1109 eu
969 1067 1112 1127 pronun·

98 1142 164 1219 tiat,
185 1163 235 1206 me
255 1165 324 1206 esse
337 1144 558 1220 vanissimum,
582 1146 644 1207 boc
662 1146 968 1223 seb-inanissimum
986 1138 1058 1210 nam
1076 1145 1110 1210 id

100 1243 244 1324 suspicor
258 1243 345 1308 illum
358 1243 489 1306 sentire..
517 1244 591 1306 luto
604 1236 659 1307 iix
671 1247 801 1328 profero
821 1248 971 1309 decimam
989 1258 1115 1326 pertem-

100 1345 317 1421 epistolarum,
348 1366 425 1427 quas
452 1345 492 1406 sd
517 1367 568 1407 tue
597 1347 737 1408 scribunt
754 1346 918 1426 Principes
947 1368 983 1408 ac
1008 1347 1110 1422 doeti;

92 1445 156 1507 sed
174 1444 332 1505 interdum
353 1466 405 1507 eas
424 1466 652 1521 commemoro,
682 1468 760 1529 quo.
776 1469 826 1509 mc
850 1459 940 1510 tuear
957 1449 1110 1512 adversus

100 1545 325 1624 impudentiam
366 1545 628 1619 obtrectatorum,
660 1568 720 1608 nec
750 1547 833 1608 enim
861 1549 927 1610 aliis
959 1549 1109 1630 praesidiis

98 1647 248 1707 adversus
279 1646 348 1707 illos
378 1668 521 1728 pugnare
553 1667 698 1726 possum,
733 1666 794 1709 nec
818 1645 883 1710 aliis
910 1648 1109 1711 munimentis
1159 1718 1165 1732 ,

96 1747 245 1809 hactenus
266 1748 416 1808 atlversus
437 1746 561 1809 illorum
581 1746 809 1828 improbitatem
825 1749 963 1824 substiti,
983 1748 1052 1824 nisi,
1073 1756 1110 1811 ul

97 1847 183 1920 dixi,
216 1846 411 1922 innocentis,
446 1858 478 1908 et
515 1846 672 1909 bonorum
695 1869 753 1910 -ac
770 1849 961 1929 Principum
986 1849 1109 1912 lavore·

98 1946 266 2026 Nunquam
300 1945 383 2008 enim
421 1946 549 2025 jactavi,
595 1949 683 2029 quod
710 1949 932 2012 illustrissimus
957 1950 1110 2030 Princeps

97 2057 320 2112 Ferdinondus
350 2046 575 2111 humanissimis
604 2048 701 2111 literis
720 2070 771 2110 me
796 2049 858 2126 jam
877 2049 988 2111 iterum
1008 2051 1110 2112 bono·

96 2148 200 2222 ravit;
223 2149 311 2230 quod
331 2149 500 2211 honorario
520 2148 706 2229 amplissimo
727 2148 872 2223 donavit,
893 2170 952 2210 neo
971 2148 1110 2212 ambien-

97 2260 178 2324 tem,
217 2269 277 2310 nec
309 2260 542 2329 expectantem
581 2251 669 2331 quod
702 2250 774 2313 Rex
807 2250 912 2311 Galliae
944 2249 1037 2312 toties
1068 2250 1109 2312 ad

96 2349 329 2412 honestissimas
361 2349 557 2412 conditiones
584 2349 709 2424 invitat,
734 2349 831 2412 literis
859 2349 950 2412 etiam
981 2349 1111 2430 propris

95 2471 189 2512 manu
213 2449 392 2531 descriptis,
415 2450 447 2512 id
468 2450 556 2532 quod
576 2459 692 2531 negant
710 2470 782 2512 eum
799 2459 846 2513 ter
866 2472 884 2513 a
903 2471 1022 2512 corona
1040 2471 1109 2513 sus·

86 2561 187 2630 cepta
206 2550 340 2626 secisse,
367 2551 457 2634 quod
485 2549 567 2611 idem
587 2549 765 2629 nuperrime
793 2547 869 2610 lecit
893 2570 952 2611 rex
976 2550 1110 2630 Angtiae.

96 2650 207 2732 ltaque
228 2651 307 2712 intra
327 2670 445 2731 paucos
471 2669 592 2711 menses
623 2671 641 2712 a
660 2660 797 2731 quatuor
821 2647 906 2710 orbis
926 2649 1110 2712 Monarcbis

52 2815 55 2822 ,
99 2751 206 2829 accepi
227 2750 346 2821 literas,
372 2750 511 2825 Cerere,
531 2770 608 2832 rege
623 2751 802 2823 Gallorum,
830 2767 907 2829 rege
923 2749 1055 2830 Anglise,
1077 2758 1110 2810 et

95 2848 122 2910 F
124 2848 310 2915 eminendo.
347 2851 424 2912 Haec
439 2849 466 2912 si
483 2851 613 2912 baberet
625 2851 797 2922 Huttcnus,
819 2869 897 2930 qssas
916 2847 1032 2929 glorias
1049 2869 1108 2910 no·

93 2947 143 3012 bis
163 2949 297 3012 efflaret!
333 2949 447 3011 Scribit
465 2949 582 3029 etipse
603 2948 796 3023 Cesaribus,
817 2947 1051 3019 Cardinalibus,
1071 2966 1110 3009 sc

87 3048 213 3111 ¹nuntiis
246 3049 454 3129 Apostolicis;
498 3050 555 3113 sed
590 3050 660 3131 quis
681 3068 828 3131 unquam
854 3047 898 3115 illi
924 3047 1108 3128 rescripsit?

93 3148 215 3210 Eadem
236 3168 335 3226 opera
352 3150 491 3211 scribere
510 3161 616 3228 posset
631 3149 759 3228 Superis
777 3160 809 3220 et
829 3147 952 3210 luseris.
991 3150 1108 3229 Quam·

93 3268 189 3331 quam
215 3247 399 3326 Principum
429 3268 506 3330 ergo
532 3271 582 3312 me
618 3248 762 3313 favorem
796 3269 833 3318 ac
864 3247 1109 3310 munificentiam

91 3348 279 3431 predicare,
312 3369 377 3410 non
398 3347 550 3428 jactantie
576 3359 647 3423 est,
660 3350 724 3413 ‘sed
751 3348 961 3432 gratitudinis.
1000 3348 1106 3409 Porro

93 3449 184 3532 quod
213 3449 253 3510 ad
284 3448 481 3512 eruditorum
501 3449 736 3529 praedicationes
756 3449 880 3522 attinet,
908 3447 1009 3509 habeo
1028 3445 1107 3507 scri·

91 3550 144 3612 uis
180 3552 273 3631 plena
304 3549 524 3613 laudatricibus
556 3549 681 3613 illorum
711 3547 867 3629 epistolis,
897 3559 930 3608 et
960 3545 1105 3628 quotidie

92 3653 257 3716 mittuntur
297 3651 454 3735 undique,
499 3672 577 3734 quas
607 3649 774 3731 aliquoties
808 3667 868 3710 nee
898 3649 992 3724 lego:
1024 3645 1106 3708 sdco

92 3753 182 3814 nullo
198 3753 356 3815 literarum
367 3773 488 3834 genere
502 3750 604 3814 minus
616 3752 766 3813 delector.
799 3747 863 3822 Ubi
874 3768 953 3809 vero
965 3766 1105 3827 agnosco

93 3869 131 3911 sc
158 3851 281 3913 devoro
313 3853 422 3915 landes
449 3852 524 3915 mibi
548 3849 746 3913 attributasl-
768 3850 824 3913 'Au
855 3869 920 3911 uon
937 3857 1104 3928 perpetuo

90 3951 227 4013 reclamo
256 3951 444 4029 magnillcisv
461 3951 520 4015 illis
545 3951 708 4024 laudibus,
736 3969 815 4030 quas
845 3946 972 4031 quidam
1000 3946 1033 4009 iu
1053 3968 1105 4011 me

91 4051 306 4135 profundunt,
328 4061 361 4112 et
378 4052 498 4131 capite,
515 4052 681 4125 manibus,
703 4048 853 4130 pedibus,
875 4058 1014 4133 totoque
1030 4069 1105 4116 core

89 4171 170 4233 pore
189 4151 316 4214 renuo?
335 4152 428 4215 Adeo
447 4174 596 4216 verume
614 4150 690 4214 lacit
708 4148 866 4223 invidum,
885 4156 921 4210 ut
933 4167 992 4209 nec
1004 4145 1105 4227 majo·

89 4272 140 4315 res
155 4252 255 4333 gloria
265 4253 434 4330 florentes,
453 4274 513 4315 nec
531 4253 688 4317 minorum
706 4246 1104 4329 succrescentemflgloriam

88 4352 174 4418 lerrs
194 4353 325 4435 possim.
361 4354 434 4437 Ego
457 4373 537 4417 vero
555 4351 712 4432 suffragiis
732 4348 892 4427 omnium,
908 4346 966 4430 qui
982 4345 1105 4411 diutius
