2618 5108
847 40 852 59 i

319 757 321 760 Ι
367 792 570 869 Praedones
619 796 807 896 Dialoguu
1036 798 1080 873 tt
1085 801 1099 868 t

484 1001 702 1065 Mercator.

170 1099 215 1161 Ar
247 1119 313 1161 non
342 1099 460 1180 putabo
489 1101 638 1165 violatam
666 1103 713 1166 his
740 1100 832 1166 dictis
859 1100 1104 1183 gratiam-eam

75 1218 185 1282 neque
204 1200 354 1281 accipiam
374 1223 476 1284 aegre,
506 1202 689 1288 ordinique
715 1203 826 1266 seram.
873 1202 1000 1266 Putabo
1020 1200 1106 1265 enim

75 1318 143 1360 non
163 1298 197 1361 in
216 1300 369 1364 invidiam
392 1303 482 1386 loqui
501 1323 571 1366 vos.

458 1423 710 1488 Franciscus.

154 1526 270 1607 Neque
289 1526 476 1607 loquemur3
509 1525 551 1588 ita
570 1546 629 1587 nos
655 1535 761 1587 servet
783 1521 947 1586 Christus!
977 1521 1104 1584 Verum

12 1659 14 1662 ·
71 1623 198 1687 sincere
229 1634 261 1686 ot
280 1623 359 1686 citra
378 1623 527 1687 invidiam
547 1646 694 1708 geremus
715 1645 837 1688 morem
860 1625 935 1688 tibi!
957 1624 1104 1709 quando-

70 1722 206 1810 quidem
223 1725 295 1787 fieri
313 1724 347 1788 id
367 1746 385 1787 a
405 1725 497 1788 nobis
517 1738 551 1790 tu
571 1728 721 1808 postulas.

482 1851 705 1915 Mercator.

98 1999 99 2002 ,
151 1947 250 2014 Certe
270 1951 418 2033 postulo,
438 1967 598 2037 petoque,
625 1965 657 2014 ct
678 1948 828 2015 audiendi
847 1948 953 2014 studio
977 1959 1102 2026 teneor,

70 2050 232 2138 quicquid
252 2051 369 2128 idest,
393 2055 483 2136 quod
503 2053 630 2130 dicetis,
651 2072 837 2135 permagno.
876 2051 956 2112 Nam
975 2070 1035 2112 nos
1056 2048 1103 2110 sic

68 2163 185 2237 putare
201 2153 358 2230 solemus,
377 2153 491 2217 ordine
506 2166 616 2216 nostro
633 2153 688 2215 vix
705 2174 774 2215 esse
790 2151 980 2216 sanctiorem
997 2149 1102 2213 alium.

67 2254 188 2338 Neque
208 2253 328 2337 aliquid
347 2254 380 2318 in
400 2275 459 2318 nos
481 2253 545 2317 dici
564 2275 676 2335 posse,
697 2253 894 2316 arbitramur.

455 2378 711 2441 Franciscus.

149 2475 324 2541 Ostendam
343 2499 453 2559 posse;
481 2491 513 2540 et
532 2480 668 2559 primum
686 2479 815 2562 quidem
834 2497 962 2551 censes,
981 2495 1023 2538 ne
1043 2493 1103 2535 vo·

69 2579 192 2643 andos
212 2578 393 2659 praedones,
421 2579 478 2662 qui
497 2579 647 2644 immensi
675 2578 843 2665 quotannis
864 2575 999 2657 pecunia
1019 2575 1103 2639 Ger·

69 2679 206 2746 niniam
224 2677 386 2760 spoliant?

475 2803 697 2869 Mercator.

146 2904 302 2970 Maxime.

456 3027 484 3092 F
490 3027 717 3094 ranciseus.

145 3129 218 3191 Vos
237 3126 350 3193 facitis.

470 3255 692 3320 Mercator.

145 3354 240 3420 Nos?
263 3353 342 3418 ubi?
393 3405 395 3410 .
452 3406 454 3411 .

451 3478 710 3543 Francisens.

143 3582 216 3646 Vos
236 3581 306 3663 ajo,
337 3602 410 3644 cum
439 3581 571 3644 invectis
600 3576 816 3662 nugacissimis
847 3578 909 3638 huc
928 3573 1098 3650 mercibus,

68 3684 138 3746 auri
156 3704 173 3745 a
193 3684 287 3747 nobis
307 3684 347 3746 ad
368 3701 497 3746 exteros
517 3682 662 3758 refertis,
695 3691 849 3764 quantum
868 3675 1013 3739 aestimari
1032 3694 1099 3738 non

68 3796 185 3868 potest.

474 3910 698 3976 Mercator.

142 4012 205 4075 Iliae
243 4025 363 4090 autem,
402 4011 485 4076 scire
520 4011 639 4093 cupio,
679 4033 749 4095 quac
778 4006 841 4071 sint
881 3997 1099 4090 nugacissima
1208 4084 1210 4088 ι

62 4113 212 4179 merces?
1208 4106 1213 4115 “

446 4238 706 4302 Franciscus.

141 4341 196 4406 An
225 4361 291 4403 non
325 4361 420 4404 merae
456 4351 529 4402 sunt
560 4361 653 4423 nugae
680 4337 773 4419 piper
804 4334 906 4411 istud,
937 4330 1096 4417 gingiber,

62 4461 305 4521 cynamomum,
325 4462 456 4517 crocus,
479 4439 688 4524 gariopbydi,
710 4454 743 4501 et
760 4437 945 4516 hujusmodi
965 4431 1099 4508 radicet,
