2618 5108
99 39 989 352 u

437 456 442 466 ι

153 1271 318 1368 Philippo
347 1274 393 1345 de
410 1275 659 1374 Fiirstenberg
677 1271 842 1348 Senatori
859 1278 1174 1352 Francosurdiano

177 1412 294 1483 amico
312 1412 543 1505 charissimo,
568 1439 596 1486 s.
616 1416 825 1487 Franksurt.
859 1415 934 1489 Ulr.
953 1419 1149 1493 Huttenus.

150 1744 307 1838 Uirichus
328 1775 367 1836 ab
386 1777 508 1837 Hutten
527 1778 635 1858 Eques
656 1773 801 1855 Philippo
823 1776 1061 1857 F'drstenbergo
1074 1780 1173 1842 Sena·

148 1877 214 1939 tori
234 1876 507 1938 Francosurdiano
527 1877 666 1936 salutem.
711 1876 834 1938 Litcras
859 1877 933 1938 dedi
955 1879 995 1940 ad
1012 1880 1176 1956 Senatum,

148 1978 206 2039 ubi
236 1977 371 2039 officium
390 1988 478 2038 tuum
509 1975 622 2047 fucrit,
651 1978 790 2056 singulos
822 1979 993 2057 appellare,
1023 1990 1117 2083 atpue
1138 1979 1171 2041 id

149 2098 262 2159 agere,
288 2086 327 2136 n'e
350 2079 419 2159 quis
433 2076 556 2138 sinistre
570 2074 700 2156 accipiat
719 2076 921 2163 scriptionem
936 2101 1046 2140 meam.
1086 2081 1171 2142 Tum

117 2224 125 2240 .
148 2179 189 2240 ad
208 2177 381 2239 libertatem
409 2178 629 2258 capessendam
648 2178 781 2250 hortari,
814 2200 879 2261 quo
907 2178 997 2242 vides
1026 2164 1175 2264 magnam*

148 2279 335 2362 patefactam
358 2279 448 2340 vobis
471 2278 650 2340 fenestram.
698 2277 910 2341 sentientibus
937 2283 1047 2344 eadem
1064 2281 1170 2347 multis

122 2364 233 2443 'circa
260 2381 435 2455 nobilibus,
471 2380 523 2441 illo
556 2377 696 2460 inprimis
724 2381 962 2458 Hartmannor)
992 2381 1048 2464 qui
1081 2384 1168 2447 solus

147 2480 304 2544 innumeri
324 2481 426 2543 militis
447 2483 541 2544 instar
560 2483 629 2543 erit.
674 2482 744 2542 Vos
765 2492 883 2544 tantum
902 2482 1023 2546 animos
1045 2483 1169 2566 erigite,

147 2602 213 2644 neu
233 2584 457 2644 convellendos
485 2604 550 2644 uno
578 2599 610 2644 et
636 2584 732 2643 altero
759 2582 861 2643 statim
889 2581 994 2644 edicto
1019 2584 1168 2663 praebete.

148 2681 213 2763 Qui
234 2685 364 2744 multum
386 2682 472 2761 prius
493 2694 653 2766 poterant,
674 2681 736 2758 jam
757 2680 824 2744 sine
845 2679 966 2744 viribus
980 2695 1090 2760 erunt,
1112 2684 1168 2746 de·

147 2783 279 2842 cedente
308 2783 454 2863 paulatim
481 2782 652 2845 nobilitate.
703 2785 840 2849 Possum
865 2766 929 2844 non
949 2785 1075 2846 modico
1097 2804 1168 2849 esse

146 2881 240 2942 vobis
261 2883 423 2962 praesidio,
444 2885 500 2944 hac
522 2883 553 2943 in
570 2903 616 2944 re.
655 2883 832 2944 Praesertim
845 2883 1047 2947 conciliandis
1060 2884 1166 2947 amicis

145 2983 230 3044 inter
242 2986 381 3061 nobiles,
405 2985 431 3046 si
450 2987 505 3045 fiet
524 2987 602 3058 hoc,
625 2985 712 3067 quod
732 2982 874 3044 futurum
893 3004 984 3058 reor,
1007 2996 1043 3045 ut
1062 3005 1167 3054 arcem

146 3086 351 3162 Steckelberg
382 3086 601 3164 possidendam
636 3106 706 3146 cum
725 3084 896 3164 juvenibus
915 3084 1064 3147 fratribus
1082 3086 1166 3148 acci·
1200 3108 1203 3113 ¹

143 3188 237 3267 piam.
276 3187 356 3245 Nam
376 3187 533 3247 Huttenus
560 3197 648 3266 pater
667 3186 750 3246 diem
771 3184 848 3245 obiit
868 3187 1025 3265 proxime.
1063 3185 1165 3249 Vide·

143 3299 196 3349 tur
216 3298 320 3349 autem
341 3285 525 3365 ‹prihusdam
546 3309 611 3347 non
632 3287 744 3366 ineptis
764 3286 842 3347 iocis
870 3289 955 3347 unde
977 3308 1164 3370 oppugnen-

106 3390 108 3394 ’
141 3399 194 3450 tur
210 3385 328 3448 inimici
344 3386 443 3448 crucis
465 3385 597 3460 Christi,
621 3389 738 3469 quippe
758 3388 790 3448 in
811 3388 999 3450 densissimis
1017 3389 1111 3467 sylvis
1132 3400 1164 3451 et

141 3487 300 3550 montibus
340 3486 416 3548 nulli
453 3486 543 3548 facile
571 3489 724 3549 exercitui
758 3489 954 3550 accessibilis
992 3488 1162 3552 Promittes

139 3588 260 3651 civitati
275 3609 374 3649 meam
394 3587 514 3670 ubique
533 3609 670 3667 operam.
692 3588 724 3650 Si
742 3588 803 3649 illic
820 3589 984 3663 habitabo,
1004 3610 1069 3649 non
1089 3589 1161 3652 inu·

138 3691 225 3752 tilenr
246 3690 383 3749 vicinum
403 3689 573 3762 habebitis,
607 3700 701 3771 atque
722 3710 784 3770 ego
805 3689 942 3750 vicissim
961 3711 1090 3751 usurum
1110 3712 1160 3753 me

138 3791 253 3853 vestris
275 3811 379 3870 spero.
421 3788 548 3849 Interim
570 3790 644 3850 nihii
662 3789 847 3863 intermitte,
869 3790 956 3871 quod
971 3793 1159 3869 expellendo

137 3892 239 3953 Petro
260 3893 374 3969 Meyer
402 3891 567 3955 deserviat.
613 3892 699 3971 Quid
727 3890 970 3978 festissimum,
1000 3893 1160 3956 hominem

136 3994 218 4057 mire
245 3994 429 4055 seditiosum
450 4005 480 4053 et
502 3990 692 4053 concitandis
714 3989 812 4051 turbis
833 4011 868 4050 ac
892 3992 1074 4053 tumultibus
1105 4016 1158 4054 na·

136 4107 216 4156 tum.
257 4095 334 4156 Satis
356 4116 518 4155 causarum
538 4106 594 4155 est.
633 4093 782 4155 Scribctis
796 4092 990 4173 blogurrtino
1006 4104 1037 4152 et
1052 4093 1158 4156 Cano·

136 4271 363 4287 μην*-

171 4346 199 4411 ⁴)
219 4355 347 4397 Hurtnnrm
361 4367 383 4397 v.
398 4355 532 4408 Cronbcrg,
552 4355 593 4397 dcr
613 4352 731 4397 bekannte
751 4351 833 4406 eit'rigc
853 4350 981 4407 Arrlr'atnger
993 4364 1040 4397 von
1055 4353 1155 4399 Lutherr

207 4438 291 4483 Leine.

174 4526 240 4570 uuir.
253 4527 296 4581 op.
315 4523 341 4566 r.
353 4523 393 4569 rr,
772 4508 814 4572 21
