2618 5108
250 214 294 230 s·-
301 48 730 233 ι·ἰ.ηᾰ“·.-.
774 217 791 227 ν

542 724 728 828 Epistola.
1103 737 1177 809 283

143 915 233 1000 peria
251 938 319 982 non
343 916 453 982 debes.
503 913 537 980 Si
570 917 714 997 dederis,
747 923 910 1002 offendes,
939 944 982 988 eo
1016 925 1105 1010 quod
1132 924 1173 989 ab

145 1018 251 1082 officio
271 1019 414 1082 didaces.
464 1020 550 1081 Ecce
578 1030 684 1083 autem
702 1022 787 1086 aliud
813 1025 906 1088 inest.
956 1028 1031 1089 Non
1049 1025 1173 1091 tenebis

146 1122 234 1205 (que
252 1141 424 1203 permagna
441 1119 500 1183 tibi
518 1141 604 1183 nunc
623 1137 690 1197 est,
711 1136 742 1186 et
762 1146 873 1206 quam,
894 1125 920 1188 si
934 1126 1051 1207 sapias,
1072 1126 1172 1209 magis

144 1241 181 1284 ac
206 1221 307 1303 magis
334 1224 483 1284 excolere
508 1222 622 1298 debes)
650 1223 823 1287 Germaniae
847 1227 992 1308 gratiam,
1024 1227 1084 1289 nisi
1112 1229 1172 1291 hos

145 1320 313 1385 abalienes.
365 1323 546 1405 Intelligere
574 1324 721 1404 potuisti,
745 1339 896 1409 quantum
925 1339 1031 1390 essent
1057 1329 1174 1410 passim

146 1421 323 1485 contristati
342 1444 447 1504 nuper
472 1426 633 1500 homines,
666 1446 737 1488 curn
765 1437 796 1489 le
816 1428 918 1507 primo
937 1427 1084 1511 ingressu
1102 1441 1171 1508 tuo,

145 1525 281 1588 adverso
303 1525 417 1586 Rheno
436 1526 648 1600 accedentem,
668 1548 734 1589 non
749 1529 825 1591 viris
844 1529 884 1590 ad
898 1529 1052 1592 bellorum
1066 1531 1173 1597 munia

144 1625 288 1700 idoneis,
308 1626 366 1688 sed
379 1625 500 1707 pileatis
513 1625 597 1703 istis,
618 1637 648 1688 et
662 1649 777 1711 magno
791 1630 1061 1694 sacerdotulorum
1072 1652 1173 1715 grege

143 1725 387 1809 circumseptum
406 1729 561 1792 viderent.
601 1732 682 1793 Rem
709 1730 792 1791 enim
808 1742 921 1810 praeter
942 1754 1030 1812 spem
1050 1753 1173 1815 suaque

144 1827 303 1911 indignam
331 1829 569 1909 exspectatione
595 1829 710 1894 intueri
732 1851 766 1891 se
786 1833 949 1913 putabant,
978 1844 1010 1893 et
1030 1833 1172 1895 obsoles-

144 1949 219 1993 cere
259 1928 320 2008 jam
348 1929 451 1991 statim
479 1951 516 1990 ac
559 1930 649 1993 initio
684 1932 861 1994 Germanici
890 1931 1026 1994 nominis
1057 1933 1173 1997 famam

144 2030 388 2094 arbitrabantur.
425 2031 499 2092 Hoc
513 2032 616 2093 dolori
633 2043 715 2108 erat,
736 2045 890 2115 quantum
901 2043 1009 2113 posset
1020 2033 1170 2097 maximo.

144 2133 261 2215 Neque
282 2134 322 2193 ita
344 2133 442 2192 multo
464 2142 553 2212 post,
580 2153 652 2195 cum
672 2132 900 2216 iniquissimam
917 2132 1077 2198 Alcandri
1096 2155 1171 2214 pos·

146 2232 332 2295 tulationem
357 2231 534 2309 audissent,
561 2232 695 2314 impetus
722 2234 826 2296 multis
851 2234 931 2310 fuit,
961 2236 1080 2298 audere
1116 2234 1171 2296 ali·

144 2333 224 2418 quid
243 2352 277 2394 se
298 2332 447 2415 dignum,
476 2344 508 2394 et
526 2337 592 2414 ausi
611 2333 761 2411 fuissent,
795 2335 856 2397 nisi
876 2357 942 2398 non
962 2337 1169 2412 dubitassent,

145 2436 251 2516 ipsum
277 2444 308 2495 te
336 2431 522 2514 indignitate
549 2446 740 2498 commotum
766 2434 815 2498 iri.
863 2437 969 2516 Quare
997 2437 1172 2500 videndum

144 2535 203 2599 tibi
223 2534 358 2598 maxime
378 2545 441 2610 est,
474 2546 505 2598 et
526 2534 605 2618 quid
622 2536 700 2598 velis
721 2533 871 2598 Pontifici
892 2538 1038 2600 Romano
1058 2537 1090 2598 in
1110 2558 1171 2600 nos

140 2636 343 2718 permittere,
374 2647 406 2696 et
436 2656 530 2718 quam
557 2636 598 2699 de
627 2646 658 2697 te
685 2635 870 2717 opinionem
895 2639 994 2717 vulgo
1020 2637 1171 2718 praebeas.

145 2737 334 2800 Memineris
353 2738 385 2799 in
405 2736 475 2816 ipso
506 2736 622 2800 instare
647 2737 710 2815 jam
731 2749 761 2798 te
781 2756 888 2799 rerum
910 2749 1035 2800 tuarum
1053 2736 1171 2814 limine,

146 2839 190 2902 ob
208 2839 307 2921 idque
326 2837 458 2901 sollicite
478 2838 610 2914 adcura,
634 2860 704 2921 quae
725 2837 813 2900 initia
832 2839 905 2913 des,
933 2860 1027 2922 quam
1045 2838 1172 2901 futuro·

143 2961 216 3005 rum
235 2960 325 3020 spem
343 2939 450 3001 facias.
489 2940 640 3002 Romanis
654 2950 759 3001 autem
777 2940 841 3001 istis
860 2941 956 3002 debes
973 2940 1172 3002 intercedere

144 3053 200 3119 tu,
232 3063 299 3125 quo
326 3041 429 3105 minus
458 3042 491 3103 in
521 3041 572 3121 jus
591 3050 736 3102 nostrum
767 3042 957 3116 concedant,
985 3062 1052 3103 non
1079 3051 1173 3103 autor
1281 3106 1284 3110 ,

146 3163 236 3218 esse,
265 3156 302 3204 ut
320 3143 458 3225 graviori
477 3143 579 3228 adhuc
608 3141 687 3223 jugo
707 3141 866 3204 nationem
884 3144 963 3204 hanc
984 3142 1172 3225 opprimant.

67 3279 106 3323 χ’
144 3246 220 3329 Age
240 3255 364 3320 autem,
395 3244 517 3327 quite,
550 3245 752 3326 quantumin
780 3246 850 3327 ipso
870 3245 948 3319 suit,
978 3245 1017 3304 ab
1038 3243 1172 3323 imperio

145 3347 280 3427 repulit,
317 3367 389 3407 eum
422 3357 455 3406 tu
480 3345 615 3426 imperio
642 3347 818 3425 praeficies?
856 3346 959 3407 Etiam
983 3344 1043 3425 ipsi
1062 3342 1117 3405 tibi
1137 3353 1173 3405 ut

145 3445 282 3526 imperet
312 3446 490 3508 facultatem
526 3445 641 3507 dabis?
689 3448 826 3508 'santum
863 3447 903 3508 de
935 3445 1088 3526 dignitate
1119 3454 1174 3504 tua

145 3548 242 3610 cedes
262 3549 370 3622 alieni,
403 3548 521 3608 nedum
548 3546 593 3620 ei,
624 3547 679 3628 qui
703 3549 734 3608 in
764 3558 793 3607 te
815 3568 880 3629 quo
901 3547 1004 3607 animo
1024 3543 1083 3619 sit,
1113 3560 1172 3606 tam

147 3653 231 3712 clare
252 3650 340 3733 prius
362 3648 522 3711 ostendit?
551 3650 593 3709 Et
621 3647 676 3728 qui
704 3647 858 3727 imperare
888 3648 1031 3709 omnibus
1062 3646 1171 3721 debes,

147 3751 240 3813 ullius
273 3767 304 3813 te
333 3749 474 3813 servituti
506 3748 703 3810 devovobis'?
746 3749 808 3811 Ubi
834 3750 884 3810 illa
908 3760 980 3810 stult
1006 3748 1171 3829 promissa,

147 3853 339 3934 eligentibus
366 3863 432 3913 tum
461 3852 501 3912 ad
526 3849 693 3928 imperium
719 3861 751 3910 te
774 3849 974 3930 Principibus
1005 3848 1172 3932 magnifiee

146 3951 291 4034 objecta,
311 3954 383 4014 sore
403 3963 438 4012 ut
457 3954 549 4013 multa
572 3949 611 4010 ab
632 3949 766 4030 imperio
792 3952 936 4012 distracta
957 3972 1014 4030 per
1034 3962 1065 4013 te
1085 3949 1174 4015 resti·

144 4054 301 4117 tuantur?
322 4055 466 4116 Tandem
478 4053 647 4133 obligatam
659 4054 832 4113 Germaniae
844 4050 890 4111 tui
905 4052 1174 4130 exspectationem

144 4156 263 4231 libera,
291 4177 355 4218 neu
375 4155 628 4235 desperationem
649 4152 800 4234 aequitatis
819 4146 852 4214 in
871 4169 1033 4232 posterum
1055 4153 1121 4225 sno,
1141 4161 1174 4213 et

144 4267 178 4318 te
200 4257 328 4338 ipsene
348 4257 481 4331 desere,
501 4276 561 4317 nec
582 4255 624 4317 sis
644 4256 727 4316 ultro
742 4254 800 4315 tibi
810 4275 901 4316 eausa
915 4256 994 4316 mali.
1033 4253 1173 4317 Abunde

145 4360 300 4422 malorum
320 4358 482 4421 afortuna
497 4358 607 4419 timere
626 4358 739 4430 habes,
761 4378 801 4417 ne
821 4378 963 4438 provoca
981 4353 1173 4418 miserrimos

146 4459 180 4525 iu
201 4472 335 4525 teeasus
355 4471 388 4524 et
402 4460 606 4523 calamitatem
624 4461 707 4523 ultro
728 4477 864 4522 accerse.
901 4457 1046 4540 Qualiter
1064 4477 1172 4521 sumus
1200 4520 1206 4533 ,
