2618 5108
195 754 278 849 ‘28⁰
388 765 431 840 In
455 766 552 844 Mar.
578 764 1052 847 caracciolum'luvectiva.

207 957 416 1025 'conscientias
444 958 607 1042 iugulare,
638 971 758 1030 mantes
783 960 968 1043 depravare.
1017 959 1228 1022 Intercessum

203 1061 470 1126 «simultatibus
493 1061 566 1125 tuis.
603 1061 814 1140 Acerbissime
842 1063 904 1123 lruc
921 1065 1050 1134 senties,
1079 1058 1139 1121 nisi
1159 1078 1229 1118 cre·

204 1163 255 1227 dis
272 1162 464 1229 maturrime.
500 1163 570 1227 Jam
590 1162 690 1239 onim,
720 1161 780 1224 uisi
799 1161 892 1227 istum
923 1159 1006 1224 tollis
1026 1160 1229 1221 maximarum

204 1281 361 1346 uirgarum
379 1273 549 1326 mercatum
568 1273 621 1337 tu,
648 1261 707 1325 nisi
728 1261 845 1324 desinis
864 1264 940 1324 altor
962 1263 1101 1336 Verres,
1130 1279 1229 1341 pecu·

204 1363 291 1427 niam
307 1383 435 1426 verrere
455 1363 523 1439 hic,
543 1379 575 1426 et
595 1362 708 1443 opibus
730 1361 848 1424 iuhiare
869 1362 1003 1435 nostris,
1022 1359 1142 1440 jubebo
1162 1361 1229 1438 gla-

208 1462 280 1527 dios
300 1461 443 1542 expediri
464 1464 647 1540 adversum,
671 1475 702 1530 et
721 1485 805 1526 arma
827 1460 908 1526 sumi
924 1459 1055 1542 jubebo.
1092 1457 1228 1521 Dubitas

208 1582 260 1630 me
287 1563 406 1646 aliquid
432 1562 485 1626 hic
514 1564 633 1643 posse?
665 1565 716 1624 vel
744 1562 933 1626 auditorium
961 1582 1032 1628 esse
1061 1559 1135 1623 mihi
1163 1561 1229 1622 haec

203 1662 413 1750 proclamanti
431 1663 552 1745 negas?
579 1663 714 1738 Dubita,
742 1684 833 1745 nega.
871 1665 915 1727 At
934 1666 1027 1744 paulo
1046 1673 1134 1743 post,
1167 1657 1229 1722 nisi

111 1828 114 1838 ,
150 1816 152 1821 .
207 1762 334 1844 penitus
363 1762 526 1842 apiarum
548 1764 705 1830 mentibus
735 1785 864 1826 aversus
893 1775 942 1827 est
969 1774 1112 1828 servator
1138 1761 1228 1825 Chri-

203 1873 299 1939 stus„
319 1862 447 1927 senties.
496 1865 571 1931 Non
598 1863 746 1926 contineo
774 1863 893 1943 diutius
922 1883 990 1937 mc;
1021 1884 1098 1924 non.
1146 1863 1227 1924 Nam

156 2034 158 2040 ¹
187 1961 262 2049 ,qui
280 1961 323 2025 ob
335 1963 468 2044 pessima
485 1974 539 2025 tua
554 1966 689 2039 scelera,
710 1964 753 2025 ob
773 1965 953 2045 sacrilegam
966 1960 1228 2026 nundinationem

204 2074 238 2151 et
267 2046 430 2130 inductum
466 2063 536 2127 vitm
570 2065 768 2144 contagium,
808 2067 970 2129 stomacho
1003 2077 1035 2126 ct
1065 2063 1226 2127 iracundia

163 2227 166 2231 .
203 2163 325 2254 cami,
358 2163 414 2227 ubi
438 2166 626 2244 pertinacius
651 2165 763 2229 videro
792 2167 857 2229 huc
885 2186 981 2248 agere
1001 2175 1051 2239 te,
1081 2162 1223 2228 manibus

201 2273 379 2347 temperare
399 2283 464 2328 non
485 2275 610 2345 potero.
650 2265 745 2330 Certo
759 2267 905 2347 prolecto
921 2264 1094 2330 conciliabo
1112 2265 1223 2328 malum

200 2360 280 2438 aibr,
311 2362 338 2426 si
364 2362 489 2440 vivam,
519 2363 579 2427 nisi
598 2366 695 2436 modo
715 2367 848 2441 desinis,
879 2366 976 2428 modo
1004 2364 1080 2428 abis.
1119 2365 1224 2426 Pene-

168 2526 170 2530 ,
200 2451 337 2540 nabau
364 2462 430 2526 illas
456 2474 543 2530 lanto
570 2462 633 2544 jam
652 2477 795 2546 tempore
823 2467 980 2529 obturatas
1007 2463 1081 2530 mihi
1114 2473 1225 2529 Caroli

200 2582 305 2628 aures.
354 2565 545 2632 Penetrabo.
566 2567 617 2640 *ἢ
644 2566 764 2633 Aradiet
790 2567 975 2648 aliquando,
1005 2565 1111 2628 audiet
1136 2565 1222 2628 utilia

139 2731 142 2737 ,
198 2664 403 2743 suadentem,
436 2678 470 2730 ct
489 2684 519 2731 te
539 2666 639 2729 invito
667 2688 796 2747 operam
821 2667 923 2742 dabit,
954 2664 1128 2732 necessaria
1153 2687 1222 2730 mo·

196 2766 296 2833 nenti.
347 2768 498 2831 Indicabo
529 2766 571 2830 illi
596 2779 650 2831 tua
668 2771 812 2849 praeclara
832 2789 948 2847 opera,
981 2778 1065 2828 tuam
1094 2766 1224 2829 sanclis-

197 2867 276 2933 sime
306 2879 404 2933 actam
439 2869 627 2950 legationem
654 2889 821 2949 exponam.
877 2867 1030 2943 Docebo,
1066 2868 1144 2950 quid
1172 2866 1223 2928 hic

198 2968 376 3053 quesieris,
412 2969 489 3051 quid
508 2967 677 3031 inveneris.
715 2969 825 3035 Dicam
847 2988 972 3042 omnes,
992 2978 1153 3050 quotquot
1171 2968 1222 3029 hic

195 3066 282 3131 missi
303 3067 423 3144 fuistis,
456 3068 577 3152 aliquot
606 3067 668 3149 jam
689 3069 807 3135 suculis
840 3071 1057 3132 Romanorum
1087 3066 1221 3146 Episco-

195 3185 311 3250 porum
331 3167 442 3250 legati,
475 3169 655 3254 proditores
682 3168 781 3235 fuisse
811 3170 1002 3242 Germania,
1031 3169 1219 3248 spoliatores

195 3264 331 3333 nunonis
367 3265 482 3348 hujus,
513 3268 614 3332 omnis
647 3264 726 3347 juris
759 3281 790 3331 ct
822 3269 973 3352 aequitalis
1000 3289 1246 3351 perversores.v

195 3365 319 3432 Dicam.
367 3369 496 3451 Neque,
513 3379 547 3430 tu
575 3390 646 3432 cum
675 3370 772 3432 dicam
798 3371 916 3433 docere
941 3372 1063 3434 diversa
1090 3372 1220 3451 poteris.

195 3466 308 3552 ltaque
328 3467 420 3547 abige
440 3468 511 3531 hinc
530 3478 572 3532 te.
611 3469 732 3549 Abige!
754 3470 927 3553 Numquid
948 3472 1102 3535 cunctaris
1121 3472 1220 3532 scole·

194 3571 284 3634 rats?
307 3570 394 3649 Quid
421 3591 542 3635 moram
560 3569 659 3632 nectis
681 3571 834 3646 omnium,
868 3572 923 3653 qui
952 3593 1093 3653 unquam
1121 3568 1219 3634 furati

193 3680 268 3735 sunt
294 3670 361 3745 hio,
395 3669 610 3737 furacissime?
644 3670 783 3733 omnium
802 3683 963 3751 raptorum
982 3670 1216 3758 violentissime,

195 3767 336 3833 omnium
355 3769 564 3851 impostorum
582 3771 765 3845 vaferrime,
787 3771 988 3846 astutissime,
1009 3771 1216 3855 iniquissime,

193 3869 440 3937 sceleratissime.
494 3873 570 3934 Haee
596 3871 675 3933 scias
695 3884 727 3933 et
746 3872 947 3940 saluberrima
977 3872 1032 3934 tibi
1059 3887 1090 3934 et
1110 3872 1215 3934 ultima

193 3992 263 4035 asse
278 3970 407 4036 monita.
444 3973 657 4057 Disce'aulcnr
673 3993 783 4056 parere
796 3973 886 4051 stilo,
907 3995 947 4036 ne
961 3972 1084 4056 cogaris
1097 3973 1213 4035 cedere

192 4072 310 4153 gladio.

194 4220 419 4243 Μ

225 4282 257 4352 ⁸)
277 4293 436 4345 fenetrato:
454 4294 611 4354 Parmmpam.
680 4283 725 4354 ⁸⁸)
747 4294 811 4340 Eleu
832 4305 868 4339 so.

607 4413 798 4430 ——u—
