2618 5108
149 781 221 855 602
460 777 646 853 'Arminius
670 771 857 881 Dialogus.

139 969 266 1034 'nnius
279 960 509 1048 Imperatorum
523 989 664 1035 summan
675 964 928 1036 baberidebeit.
957 943 1182 1034 Neednbiuur.

151 1079 221 1146 est,
238 1066 335 1152 quin,
355 1069 383 1132 si
400 1069 505 1154 primo
519 1071 622 1134 autina
633 1069 859 1147 rubianum-o
873 1071 1178 1143 mex-omon-

149 1169 302 1233 tendisret
328 1168 401 1248 hic,
427 1173 557 1253 palmam
577 1170 609 1236 ei
634 1173 717 1234 ultro
738 1164 940 1234 addixissem.
977 1168 1071 1231 Nune
1093 1165 1174 1247 jan,

63 1312 66 1318 -
151 1269 238 1353 qnia,
262 1269 353 1352 quod
372 1269 546 1350 judicatum
565 1273 661 1334 sernel
679 1270 730 1334 bie
747 1285 813 1345 est,
832 1269 1013 1333 rescindere
1026 1268 1102 1329 illud
1123 1267 1173 1330 las

148 1370 312 1451 prohibet,
333 1389 440 1454 neque
460 1370 664 1435 constitutum
684 1382 755 1434 ante
772 1369 916 1434 ordinem
936 1387 1068 1430 movere
1085 1369 1171 1444 licet,

149 1469 223 1531 satis
248 1468 365 1533 babere
385 1471 478 1534 decet
496 1480 547 1547 te,
575 1470 719 1534 Armini!
751 1472 812 1532 boc
838 1469 870 1531 in
895 1468 988 1531 animi
1014 1467 1172 1532 sententia

138 1587 219 1632 esse
237 1569 331 1644 milri,
357 1571 448 1653 quod
466 1570 574 1635 verbis
593 1591 724 1654 quoque
744 1570 1013 1653 pronuntiassem,
1048 1569 1076 1633 si
1096 1590 1171 1632 curn

100 1658 104 1668 ’
147 1668 420 1734 istis'ambit'rosus
439 1681 475 1733 tu
494 1690 565 1735 esse
582 1671 749 1733 voluisses.
793 1671 875 1751 Quia
895 1691 974 1734 vero
990 1668 1170 1732 luistilibe-

99 1829 101 1834 .
138 1781 236 1834 ‘rator
251 1769 444 1845 Germaniae,
463 1780 496 1832 et
509 1769 593 1832 bello
610 1791 669 1850 pro
686 1770 829 1834 libertale
848 1783 998 1852 suscepto
1016 1768 1170 1838 invictum

148 1890 259 1935 omnes
281 1873 490 1946 confitentur,
519 1890 625 1953 neque
643 1870 689 1934 ibi
707 1873 758 1933 uel
777 1874 909 1954 periculi
934 1875 1003 1953 plus
1023 1872 1169 1936 exhausit

147 1971 336 2058 quisquam,
355 1973 407 2034 vel
421 1972 580 2035 commodi
596 1970 630 2033 in
643 1971 802 2052 publicum
816 1985 976 2036 assecutus
994 1984 1052 2048 est,
1066 1975 1171 2054 placet

146 2093 220 2137 cunr
233 2084 344 2141 Brutis
359 2092 481 2155 ponere
506 2085 555 2147 te,
576 2086 609 2135 et
630 2071 712 2135 inter
727 2074 834 2154 patria
850 2073 1001 2136 libertatis
1012 2072 1169 2152 vindices,

93 2242 100 2265 Ι
145 2177 249 2260 primo
280 2178 364 2238 loco.
401 2172 567 2237 Mercurio
595 2183 698 2235 aulem
717 2171 791 2234 huic
808 2173 973 2256 negotium
994 2175 1054 2250 do,
1078 2186 1116 2236 ut
1134 2174 1171 2241 in

146 2276 233 2352 foro,
250 2273 374 2354 plateis,
391 2271 488 2347 circo,
502 2272 613 2347 triviis,
634 2284 667 2333 et
679 2272 788 2335 ubiubi
801 2275 962 2337 hominurn
978 2295 1014 2336 ac
1022 2275 1171 2340 Deorum

146 2375 326 2456 frequentia
346 2383 411 2448 est,
432 2374 615 2454 pronuntiet
635 2373 808 2435 Arminium
830 2374 1043 2451 Cheruscurn,
1071 2375 1171 2438 liber·

145 2474 279 2548 rimum,
308 2473 544 2536 invictissimum
565 2484 597 2535 et
617 2472 911 2551 Germanissirnurn,
927 2479 1036 2560 sicque
1055 2476 1171 2558 jubeat

144 2571 260 2656 passim
289 2573 328 2635 ab
356 2573 501 2636 omnibus
532 2573 692 2634 acclamari
719 2574 786 2636 tibi.
836 2577 873 2638 ld
894 2578 981 2658 quod
1001 2578 1172 2644 decretum

146 2685 178 2739 et
196 2673 402 2738 constitutum
420 2685 507 2751 esto,
528 2695 635 2757 neque
656 2673 708 2737 ulli
723 2677 854 2754 posthac
872 2676 1026 2759 refragari
1042 2678 1152 2744 liceat.

284 2848 287 2853 .
533 2791 773 2855 Alexander.

220 2897 264 2960 At
282 2893 411 2960 servivit
430 2892 598 2978 aliquando
614 2893 674 2956 hic.
705 2894 777 2977 Ego
789 2913 914 2974 semper
929 2894 1018 2971 Rex,
1037 2916 1171 2979 semper

144 2994 193 3058 tui
211 2993 300 3059 liber.

540 3111 764 3176 Arminius.

71 3296 73 3301 ,
198 3209 291 3293 'Ego
311 3210 436 3274 minime
462 3233 541 3275 vero
569 3225 672 3276 mente
692 3214 851 3279 obnoxius
870 3216 924 3279 ulli
945 3239 1085 3302 unquam
1102 3221 1168 3288 lui.

145 3309 277 3391 Semper
296 3311 379 3373 enim
398 3312 547 3376 libertatis
560 3325 703 3392 memor,
724 3336 795 3377 curn
810 3317 894 3379 aliud
914 3316 988 3380 nihil
1005 3318 1167 3403 'agitarem

146 3409 267 3487 animo,
299 3411 360 3474 nisi
381 3414 543 3494 quomodo
562 3436 688 3494 possem
721 3414 823 3476 oblata
851 3419 1020 3479 occasione
1048 3416 1167 3499 juvare

144 3512 292 3595 patriam;
318 3513 350 3578 in
380 3514 431 3577 illa
449 3516 647 3598 popularium
675 3514 834 3579 servitutis
861 3517 1025 3598 patientia,
1057 3521 1168 3585 donee

137 3612 225 3678 ‘iacta
243 3626 389 3697 praestare
407 3636 474 3677 non
491 3616 598 3698 potui,
620 3616 784 3680 consilium
805 3636 936 3700 quoque
956 3617 1168 3706 dissimulavi,

143 3725 177 3779 et
196 3717 332 3778 clausam
351 3714 432 3778 intra
450 3736 500 3778 me
520 3717 668 3781 libertatis
688 3739 794 3781 curam
814 3719 913 3783 tenui.

519 3833 761 3898 Alexander.

218 3931 292 3993 Hoc
310 3943 371 4008 est,
407 3934 495 4016 quod
513 3933 621 3996 ferunt
640 3936 698 4012 illi,
731 3960 798 4001 non
818 3939 947 4005 licuisse
965 3943 1023 4005 libi
1043 3946 1169 4015 descis-

143 4048 217 4095 cere
236 4031 275 4094 ab
294 4032 349 4109 iis,
370 4054 507 4116 quorum
525 4037 621 4098 semel
639 4034 751 4120 jugum
770 4040 954 4121 accepisses.

459 4213 464 4221 ,
545 4153 756 4217 Arminius.

47 4273 49 4277 ’
98 4279 100 4282 ’
137 4318 140 4322 ,
215 4252 322 4334 Atque
340 4253 402 4314 boc
418 4263 486 4328 est,
510 4255 598 4336 quod
617 4274 679 4338 ego
700 4260 809 4318 contra
827 4263 1027 4341 respondeo,
1051 4288 1166 4356 neque

136 4349 298 4435 ‘accepisse
325 4350 437 4434 jugum
464 4373 527 4428 me,
561 4355 609 4416 rel
640 4354 744 4418 auimo
766 4355 799 4419 in
818 4360 1000 4425 servitutem
1020 4387 1166 4439 conse„-
