2618 5108
373 45 491 257 Ι
528 237 547 248 ⁹
709 229 744 240 ,δ’
866 222 948 235 ’N‘

174 248 362 264 -pu-—Q-

449 747 631 858 Arminius
653 746 848 879 Dialogus.¹
1082 757 1157 835 699

135 962 217 1015 mem
227 944 368 1011 obduxit.
387 940 657 1024 ltomSegirnerur
671 959 744 1004 oum
759 939 826 1005 filio
835 940 979 1025 perfugit
987 945 1026 1009 ed
1036 948 1157 1012 troitus·

136 1048 233 1113 Multi
248 1044 494 1112 domesticorum
517 1041 651 1125 pecunie
669 1040 811 1121 corrupti
837 1041 964 1108 insidias
983 1045 1054 1107 vitm
1079 1066 1156 1109 mee
1255 1121 1258 1126 y

137 1155 392 1211 construxerunt.
430 1144 636 1223 Popularium
654 1160 720 1203 non
739 1141 814 1205 nulli
829 1143 952 1207 hostilia
970 1146 1076 1210 omnia
1091 1171 1157 1213 me·

137 1247 252 1311 obirati
265 1256 352 1320 sunt,
372 1252 614 1327 Adqandestrr‘o
632 1240 725 1305 Catto
742 1242 883 1323 inprimis
897 1246 977 1309 adeo
993 1247 1069 1311 nibil
1088 1269 1156 1314 nou

138 1356 352 1427 pertentante,
368 1357 405 1406 ut
417 1345 590 1408 inauditum
597 1345 648 1406 illa
659 1355 841 1426 tempestate
852 1346 1026 1416 Germaniae
1040 1352 1155 1428 scelus,
1224 1366 1228 1373 “

139 1466 297 1509 venenum
315 1466 333 1507 a
350 1444 520 1520 Romanis,
543 1465 609 1528 quo
624 1452 676 1507 me
697 1446 886 1521 conficeret,
906 1447 1043 1526 petierit.
1081 1452 1161 1532 lpse

139 1548 216 1611 nihil
243 1558 347 1611 motus
375 1565 455 1607 vero
488 1544 735 1608 constantissime
763 1545 871 1625 coeptis
904 1545 1017 1624 institi,
1047 1570 1158 1634 neque

141 1649 259 1730 aliquid
282 1647 370 1728 prius
390 1645 502 1721 habui,
522 1667 616 1728 quam
634 1645 681 1706 las
700 1643 807 1726 patrias
833 1654 865 1704 et
885 1645 1001 1709 avitum
1026 1649 1160 1712 Germe·
1268 1723 1276 1738 θ

105 1802 110 1809 .
138 1748 198 1811 niae
218 1749 325 1811 decus.
365 1745 513 1829 Cumque
532 1756 614 1808 esset
630 1744 840 1808 efficacissime
856 1755 933 1807 tune
949 1749 1179 1830 permovendi*

141 1850 370 1935 Germanorum
391 1848 645 1918 animaruum,
677 1845 705 1908 si
727 1843 819 1924 eujus
843 1867 928 1908 uxor
946 1847 1029 1927 apud
1049 1850 1159 1914 hoster
1190 1874 1194 1879 ·

141 1957 320 2021 teneretur,
337 1967 443 2029 neque
459 1945 519 2008 alio
531 1945 631 2026 magis
647 1945 774 2006 nomine
785 1944 998 2024 captivitatem
1011 1947 1168 2013 timerent.

139 2049 300 2119 homines,
318 2066 483 2128 meamque
500 2066 562 2127 ego
582 2065 717 2107 amarem
734 2043 968 2124 ardentissime,
988 2058 1020 2110 et
1032 2048 1072 2111 ab
1091 2047 1166 2131 ipsa.
1200 2069 1205 2079 ·

141 2146 297 2229 prestanti
327 2145 464 2207 invicem
500 2145 566 2207 fide
596 2146 790 2218 redamarer,
827 2147 982 2230 quodque
1017 2149 1160 2213 omnium

142 2246 357 2309 dolentissime
393 2244 560 2319 afficiebat,
588 2244 748 2322 gravidam
768 2243 955 2323 amisissem,
984 2258 1088 2311 tamen
1106 2251 1161 2315 vel

142 2347 191 2410 sie
209 2347 372 2409 immotum
392 2365 442 2406 me
462 2342 609 2425 praestiti,
639 2366 744 2427 neque
763 2365 874 2426 passus
895 2367 982 2423 sum,
1004 2351 1161 2428 privatum

142 2448 286 2509 dolorem
314 2445 419 2527 patrias
446 2442 479 2506 in
510 2464 560 2506 me
586 2443 744 2508 caritatem
769 2445 924 2509 minuere.
963 2448 1050 2527 Quin
1079 2470 1160 2514 vero

141 2548 264 2611 inirem
281 2567 390 2610 versus
408 2545 502 2607 dolor
515 2543 647 2607 alacrius
661 2543 765 2608 omnia
781 2546 890 2609 conari
905 2546 1046 2627 impulit,
1067 2570 1161 2632 quam

142 2659 275 2709 conotus
302 2655 372 2709 ante
405 2666 518 2708 essem.
567 2644 631 2707 Ubi
656 2655 688 2704 et
717 2645 791 2709 mihi
820 2656 914 2709 testes
940 2665 1010 2709 esse
1031 2659 1161 2728 oportet

142 2747 282 2822 inferos,
302 2756 448 2828 quautam
468 2744 612 2828 quotidie
626 2745 843 2811 Romanorum
859 2745 1087 2818 multitudinem
1097 2749 1161 2811 huo

148 2846 345 2922 demiserim,
364 2845 542 2909 vehementi
558 2862 594 2905 ao
613 2843 699 2905 varia
715 2844 749 2906 in
762 2845 867 2925 patrie
880 2845 1062 2927 proditores
1075 2844 1161 2912 ende

140 2957 368 3029 pergrassatus,
380 2947 607 3027 funestumque
620 2954 652 3004 et
666 2955 757 3006 atrox
768 2966 826 3023 per
837 2944 1035 3008 adversarios
1046 2946 1172 3012 bellum

141 3049 379 3110 circumferens.
416 3045 515 3107 Plane
532 3045 657 3108 ostendi
672 3044 822 3107 Romanis
835 3043 890 3121 ibi,
912 3066 1026 3126 magno
1042 3045 1161 3129 injecto

142 3149 286 3231 pudore,
316 3166 383 3207 non
412 3143 596 3223 proditione
622 3164 691 3221 me,
724 3165 830 3226 neque
849 3145 1001 3207 adversus
1018 3146 1162 3213 foeminas

142 3247 288 3331 gravidas
307 3264 376 3307 rem
396 3263 526 3323 gerere,
547 3245 605 3307 sed
623 3245 722 3324 palam
737 3255 871 3307 armatos
889 3245 1065 3325 deposcere
1076 3247 1161 3325 mihi,

142 3349 176 3410 in
197 3369 279 3430 quos
300 3344 402 3425 digne
423 3344 551 3407 ultionis
569 3347 696 3408 aculeos
716 3345 900 3426 defigerent.
949 3347 1074 3426 Quare
1094 3347 1161 3409 lae·

141 3459 208 3512 tum
228 3436 318 3509 brevi
341 3455 405 3521 est,
433 3455 468 3508 ut
488 3447 650 3508 Romanos
671 3443 837 3505 Germania
855 3443 980 3526 penitus
1000 3444 1161 3525 ejecerint.

139 3551 171 3616 Α
200 3568 266 3632 quo
306 3545 422 3610 deinde
457 3557 601 3625 tempore
631 3565 734 3627 usque
774 3545 808 3606 in
846 3544 930 3606 bunc
959 3556 1038 3625 puto
1075 3545 1172 3614 diem·

140 3653 260 3716 nullum
278 3648 340 3712 tuit
360 3648 484 3710 illorum
506 3645 550 3709 ibi
564 3645 740 3727 imperium.
767 3644 919 3708 Restabat
936 3654 1162 3718 Maroboduus

141 3762 280 3827 strenus,
312 3751 460 3832 quicum
478 3747 554 3810 mihi
572 3768 614 3809 ex
632 3746 774 3822 foedere,
807 3748 897 3828 quod
916 3768 988 3811 cum
1007 3753 1161 3821 Romanis

141 3849 202 3931 ipsi
222 3850 301 3923 luit,
321 3851 559 3923 adversaretur,
579 3856 645 3908 tota
664 3868 682 3909 a
703 3867 751 3908 me
770 3846 844 3908 belli
862 3851 945 3910 mole
964 3852 1081 3930 petitus
1103 3867 1161 3921 est.

145 3948 372 4013 Gravissimum
415 3949 449 4011 id
482 3948 759 4028 difficillimumque
798 3958 956 4010 certamen
990 3951 1053 4014 tuit
1088 3976 1162 4021 cum
1201 3932 1209 3944 '

112 4099 113 4103 ,
140 4054 235 4131 Rege
265 4048 501 4129 potentissimo,
535 4071 571 4111 ae
590 4049 707 4112 bellicae
739 4045 840 4109 omnis
864 4046 912 4110 rei
941 4048 1161 4133 scientissimo,

141 4153 308 4214 bellicosos
329 4149 508 4210 Suevorum
528 4152 686 4229 populos,
716 4149 877 4229 ingentem
905 4149 1066 4214 sociorum
1086 4156 1161 4235 vim,

141 4252 292 4315 immensa
311 4247 426 4311 auxilia
445 4260 518 4332 post
535 4271 570 4312 se
589 4251 748 4324 trahente,
771 4268 845 4312 eum
862 4248 987 4311 interim
1007 4272 1025 4313 a
1043 4253 1162 4318 Roma·

141 4352 190 4415 nis
209 4349 374 4431 juvaretur
391 4349 542 4432 pecunia,
568 4362 601 4413 et
627 4346 824 4431 Inguiomeri
847 4349 998 4431 perfugio
1017 4372 1162 4438 magnam
