2618 5108
195 814 281 896 ³68,
362 752 439 884 Ulr.
465 811 512 884 ab
536 810 677 884 Hutten
700 831 785 883 cum
808 776 964 885 Erasmo
988 811 1073 885 Rot.

204 1002 306 1078 ratio,
326 1015 358 1066 et
378 1002 492 1084 digna,
523 1011 643 1084 quate
664 1013 805 1083 moveat,
825 1014 860 1066 111
880 1001 1084 1065 immoderate
1107 1002 1225 1066 sareas.

206 1101 309 1165 Etiam
329 1100 477 1184 Capnion
497 1102 558 1163 hoc
584 1100 715 1162 fecerat.
762 1102 826 1164 Sed
850 1123 917 1163 non
943 1102 1111 1165 admodum
1138 1117 1226 1181 grata

203 1200 274 1281 ejus
294 1201 351 1263 tibi
369 1190 592 1263 benevolentia
611 1200 682 1262 suit.
733 1201 803 1263 Jam
829 1201 914 1263 enim
933 1203 1039 1263 locum
1058 1203 1100 1263 illi
1121 1215 1226 1265 tecum

203 1301 348 1364 homines
367 1301 499 1375 dabant,
527 1310 562 1362 ut
580 1300 697 1380 pariter
715 1299 838 1382 linguas
858 1302 1061 1382 provehant,
1083 1305 1226 1364 nonnulli

121 1470 124 1476 ,
203 1401 338 1463 alterum
358 1399 533 1462 Germanias
554 1400 680 1460 oculum
702 1400 888 1462 vocitabant.
928 1403 1024 1482 (luod
1044 1403 1100 1463 tibi
1118 1403 1225 1465 leren-

204 1500 281 1563 dnm
300 1520 367 1561 non
385 1498 566 1563 videbatur.
613 1500 691 1560 Nam
721 1512 755 1561 ut
776 1502 867 1565 unice
886 1506 1003 1583 polleas
1032 1515 1082 1578 tu,
1114 1525 1224 1565 omnes

204 1597 326 1681 ubique
343 1598 420 1660 alios
435 1597 588 1679 supprimi
603 1620 728 1680 aequum
744 1612 801 1663 est.
828 1603 925 1682 Quod
937 1603 1063 1664 memini
1075 1603 1108 1664 in
1127 1605 1225 1664 Gallia

203 1700 315 1761 audire
330 1719 381 1761 me
397 1698 436 1760 ab
452 1697 510 1773 iis,
531 1699 588 1780 qui
604 1711 671 1761 lum
688 1700 863 1763 fremebant
878 1701 910 1762 in
927 1703 1065 1764 Fabrum
1086 1704 1225 1766 scribere

203 1809 247 1875 te,
266 1819 340 1859 cum
358 1797 516 1872 dicerent,
538 1800 696 1878 peculiare
715 1803 778 1863 hoe
797 1822 866 1865 esse
886 1802 959 1876 tibi,
985 1813 1017 1864 ut
1037 1823 1102 1863 non
1122 1805 1225 1882 possis

202 1898 271 1962 sine
292 1897 521 1960 obtrectatione
551 1898 657 1960 alienae
685 1901 813 1978 gloriae,
846 1903 945 1983 gloria
964 1902 1031 1964 frui
1049 1915 1112 1964 tua.
1150 1904 1224 1963 Non

202 1999 370 2063 credebam
397 2011 517 2074 tamen,
550 2001 653 2062 donec
678 2001 781 2062 iecisti
807 2004 903 2064 tidem
928 2002 1001 2063 mihi
1029 2001 1107 2082 ipse.
1146 2004 1226 2064 Nam

202 2100 281 2185 quid
301 2102 341 2163 ab
360 2101 407 2163 his
429 2100 552 2164 indiciis
574 2114 701 2182 apparet
716 2103 799 2164 aliud
817 2104 849 2163 111
863 2124 956 2163 causa
972 2124 1061 2176 esse,
1083 2123 1140 2164 cur
1153 2123 1225 2163 ver·

201 2200 251 2279 bis
270 2203 376 2264 eleves
400 2201 548 2265 virtutem
566 2201 701 2264 hominis
721 2223 797 2283 erga
812 2214 841 2263 te
854 2201 972 2280 optime
989 2201 1108 2276 allecti,
1129 2225 1225 2283 quam

190 2302 292 2384 ,quod
311 2303 463 2383 aequalem
481 2303 567 2364 illum
586 2303 689 2363 minus
709 2303 841 2364 civiliter
862 2303 980 2363 tuleris.
1027 2306 1225 2384 Quamquam

201 2399 323 2463 solebat
339 2400 407 2479 ipse
425 2405 507 2463 ultro
524 2403 639 2464 cedere
654 2402 727 2476 ribi;
748 2424 847 2484 seque
861 2405 959 2463 multo
974 2403 1130 2479 minorem
1142 2425 1224 2465 sent·

201 2518 259 2578 per
279 2498 440 2577 judicare,
474 2501 1120 2585 11111111ᾳυί11ὴί10101101011111111111111.
1161 2507 1224 2566 tte-

191 2621 267 2685 -que
287 2601 321 2663 id
341 2622 400 2663 nos
419 2602 500 2666 adeo
520 2602 730 2678 faciebamus,
762 2605 819 2665 sed
838 2624 910 2664 cum
935 2615 965 2663 te
985 2625 1105 2665 sunnne
1125 2605 1224 2666 admi·

191 2723 360 2778 ceremur,
395 2703 482 2766 illum
513 2703 637 2767 interim
663 2725 721 2766 suo
741 2704 835 2766 etiam
855 2704 970 2765 merito
989 2725 1054 2764 non
1075 2703 1251 2787 fraudan-v

193 2806 277 2871 ·1111111
290 2804 503 2880 ducebamus,
523 2816 619 2889 atque
633 2805 715 2867 itate
729 2805 924 2880 colebamus,
947 2816 981 2866 ut
995 2815 1097 2864 tamen
1111 2825 1223 2867 eorum

201 2907 297 2971 etiam
324 2926 390 2969 nou
413 2916 685 2969 contemneremus
713 2926 859 2985 operam,
889 2904 945 2986 qui
965 2917 996 2964 et
1015 2905 1074 2983 ipsi
1096 2927 1155 2982 pro
1176 2907 1223 2968 vi·

191 3008 253 3073 -rili
271 3030 329 3071 sua
356 3006 550 3087 profuissent
577 3006 699 3069 studiis.
740 3005 865 3068 Utinam
890 3004 993 3085 possis
1023 3005 1061 3064 ab
1084 3005 1236 3068 omnium·

201 3107 425 3171 recordatione
452 3109 580 3169 abolere
606 3105 755 3185 scriptum
777 3107 848 3166 hoc.
894 3107 970 3184 Quae
991 3104 1074 3165 cuim
1094 3105 1224 3166 eviden-

196 3207 264 3289 1101
283 3207 457 3288 iniquitatis
475 3218 568 3281 uota,
590 3227 683 3289 quam
702 3205 728 3267 si
747 3203 867 3266 extabit
886 3215 1078 3284 praepostera
1089 3206 1154 3266 lnce
1169 3218 1223 3268 tua

199 3307 378 3373 sententiat
398 3307 481 3373 Cum
497 3307 621 3371 infimos
639 3308 810 3388 quosdam,
833 3305 876 3365 ob
895 3306 1147 3368 commendatum
1160 3329 1177 3368 a
1189 3328 1224 3368 sc

200 3423 292 3479 11111111
316 3411 469 3474 laborem·
484 3410 596 3484 effers,
625 3407 697 3467 viro
727 3405 867 3468 omnium
895 3426 1056 3467 consensu
1075 3407 1220 3489 egregio,
1241 3442 1250 3455 =

189 3512 302 3579 ebcui
312 3531 475 3594 nunquam
489 3510 550 3571 suit
566 3510 606 3570 de
617 3508 710 3571 laude
726 3519 832 3569 tecum
848 3504 1051 3579 concertatio,
1067 3507 1111 3582 id,
1135 3509 1224 3590 quod

191 3614 351 3683 diuturna
376 3610 528 3692 opinione
553 3607 726 3673 doctissimi
744 3604 902 3688 cujusque
924 3626 1048 3687 semper·
1069 3608 1225 3686 judicium

157 3768 163 3781 .
193 3712 330 3789 tribuit,
361 3712 421 3794 ipsi
450 3712 558 3786 etiam,
590 3708 646 3792 qui
672 3720 707 3771 111
744 3709 846 3770 alieno
876 3707 1077 3783 invidebant,
1110 3720 1143 3769 et
1162 3709 1223 3771 soli

197 3825 286 3879 recte
316 3812 459 3889 judicare
487 3811 531 3873 ibi
558 3820 707 3891 possunt,
732 3809 848 3884 Judaei,
879 3831 962 3870 unus
990 3809 1100 3871 adimis
1127 3821 1225 3893 atque

200 3915 354 3996 derogas;
372 3912 420 3975 sic
432 3913 541 3975 scribis
555 3912 656 3973 enim:
689 3910 895 3982 „Lutlovicus
914 3911 1017 3973 Berus
1039 3913 1225 3993 'l'lreologns

202 4014 424 4091 „Parisiensis,
455 4013 506 4075 vir
525 4014 557 4074 in
577 4034 615 4073 ca
634 4010 833 4093 promotione
841 4055 850 4085 ,
880 4021 916 4072 ut
938 4022 1065 4085 vocant,
1092 4013 1224 4092 primus,

200 4118 436 4191 „exosculatum
448 4113 556 4174 adorat
568 4123 640 4187 etc„
654 4113 708 4188 (de
722 4123 776 4172 tuo
790 4133 876 4171 novo
891 4113 919 4172 T
923 4124 1094 4175 estamento
1109 4115 1224 4195 loque-

203 4215 290 4291 ,ris.)
338 4214 427 4277 Idem
445 4214 539 4275 scutit
559 4212 771 4293 wolfgangus
792 4214 999 4275 concionator
1029 4215 1221 4285 Basiliensis,

201 4316 271 4392 ,vir
284 4313 442 4379 Hebraice
455 4314 550 4391 longe
571 4314 696 4375 doctior
709 4313 912 4379 Reuchlino.“
952 4317 982 4379 Ο
993 4336 1106 4377 vocem
1120 4317 1174 4381 abs
1192 4330 1223 4380 te

201 4422 284 4483 111110
304 4414 547 4492 retractandam,
567 4415 595 4476 si
614 4436 685 4504 quae
703 4414 773 4477 veri
791 4436 867 4478 cura
885 4431 978 4481 esset.
1016 4419 1115 4481 Potes
1135 4420 1223 4482 lerre
