2618 5108
144 862 150 873 .
183 790 295 929 RQ
522 797 680 898 Spongia
703 801 845 875 Erasmi

286 930 315 959 Α

183 980 420 1056 tuister'tumus
440 1004 472 1053 et
498 992 697 1066 incendium,
729 1014 798 1074 quae
825 1013 876 1056 res
901 994 975 1057 nihil
1002 994 1086 1056 aliud
1108 1013 1207 1075 aptam

183 1092 323 1157 irritabat
342 1094 461 1154 animos
481 1094 652 1154 homiuum.
692 1093 755 1172 Qui
776 1095 863 1172 prius
887 1096 1041 1158 irascebar
1062 1094 1207 1156 molienti

183 1194 371 1277 perniciem,
406 1214 463 1254 cur
495 1214 561 1254 non
585 1196 694 1254 liorem
727 1193 842 1254 amicus
869 1194 930 1274 jam
957 1206 1074 1257 mntato
1095 1193 1204 1257 studio

181 1297 356 1379 periculum
367 1294 558 1373 depellenti?
572 1296 649 1354 Nam
659 1293 692 1353 id
705 1293 771 1370 ipse
783 1294 856 1355 milri
871 1295 1023 1370 dejeravit
1033 1296 1205 1370 Bruxellic,
1248 1292 1250 1297 ’

183 1409 214 1460 et
233 1407 306 1477 post
325 1396 358 1456 in
372 1395 570 1455 Germaniam
583 1414 729 1453 reversus
749 1396 898 1471 cognovi,
913 1417 976 1456 non
990 1417 1058 1457 esse
1072 1417 1203 1470 vanum,

182 1518 224 1558 ex
250 1496 297 1558 his
328 1497 384 1577 qui
411 1493 542 1575 negotio
574 1493 794 1553 interl'ucrunt.
836 1497 920 1572 Quid
950 1509 1053 1557 autem
1079 1498 1204 1579 flagitii,

182 1599 209 1659 si
229 1597 387 1660 Alcander
414 1595 447 1656 in
479 1592 565 1655 libris
591 1592 668 1652 meis
695 1593 880 1671 predicetur
911 1596 1067 1676 trilinguis
1095 1597 1206 1660 erudi-

180 1678 279 1759 tionis
297 1695 446 1757 antistes?
467 1696 556 1755 Hauc
575 1693 696 1753 laude'm
719 1695 760 1755 illi
781 1699 879 1774 palam
897 1697 1087 1771 tribuebam,
1109 1699 1206 1763 etiarn

181 1811 265 1873 tum,
286 1818 358 1859 cum
378 1796 511 1857 maxime
530 1796 669 1856 ferveret
695 1797 776 1856 inter
803 1818 860 1855 rios
880 1796 1027 1860 simultas.
1067 1802 1109 1859 Et
1130 1821 1207 1863 cunt

180 1901 307 1983 quidam
326 1898 440 1980 linguae
453 1896 571 1957 Latinae
591 1896 797 1975 principatum
810 1895 882 1956 mihi
894 1896 1086 1973 tribuerent,
1108 1900 1206 1961 etiam

178 2002 258 2064 hanc
278 2000 400 2061 landem
424 1997 551 2058 inimico
573 1997 651 2056 cessi
674 1995 826 2056 inimicus.
878 1996 1006 2057 Plenius
1027 1999 1114 2059 illum
1136 2001 1207 2061 lau·
1240 2040 1246 2055 ι

179 2101 266 2164 davit
284 2101 443 2182 lluttcnus
462 2099 495 2158 in
524 2095 672 2175 epistola,
701 2118 762 2174 qvia
783 2093 902 2175 jugulat
922 2096 1022 2172 illurn,
1044 2100 1204 2178 scribens,

178 2222 212 2265 se
232 2203 359 2274 dolere,
380 2219 449 2260 esse
468 2200 500 2259 in
521 2216 580 2271 eu,
603 2197 690 2277 quod
708 2196 750 2256 illi
761 2196 948 2258 invideatur.
974 2200 1060 2276 Quid
1075 2201 1207 2278 specio-

180 2302 245 2363 sius
264 2301 322 2360 hac
340 2299 432 2359 laude
452 2299 491 2357 ab
510 2299 600 2359 hoste
626 2297 713 2369 data,
743 2317 811 2356 csse
832 2297 862 2356 in
890 2299 1050 2359 Alcandro
1080 2301 1206 2363 ‹lontri-

179 2420 250 2461 nam
269 2398 388 2460 invidia
409 2396 557 2476 dignam?
578 2400 650 2475 Ego
663 2408 746 2455 certe
761 2399 953 2460 moderatius
967 2399 1050 2460 illum
1063 2401 1206 2464 laudavi.
1260 2386 1262 2390 ¹

179 2501 286 2580 Atque
306 2499 366 2559 hoc
386 2498 518 2557 llutteni
545 2497 584 2556 de
604 2517 637 2556 se
657 2497 847 2574 preconium
866 2482 1023 2560 Aleander
1043 2504 1129 2580 apud
1151 2526 1205 2567 rue

178 2598 316 2678 jactavit.
355 2597 464 2659 Dicam
485 2594 642 2677 ingenue,
664 2598 752 2676 quod
772 2597 891 2671 sentio,
922 2609 956 2658 ut
977 2600 1112 2679 pessime
1133 2625 1206 2665 me-

176 2701 255 2763 ritus
275 2709 323 2761 est
349 2700 459 2760 deme
480 2700 654 2758 scelerosus
675 2697 741 2771 ille,
775 2696 829 2778 qni
860 2699 1051 2761 Alcandrum
1088 2701 1120 2762 in
1150 2726 1204 2767 me
1240 2682 1244 2687 ⁶

176 2801 328 2874 irritavit,
349 2799 393 2859 ita
411 2798 521 2859 lubens
538 2797 604 2858 talis
621 2796 710 2857 amici
725 2798 956 2875 possessionem
970 2803 1203 2880 recuperarim,

178 2902 204 2963 si
224 2901 330 2975 liceat,
360 2921 401 2960 ne
421 2901 572 2959 tantulum
593 2899 720 2979 quidem
748 2899 786 2957 alr
813 2899 865 2958 illo
886 2922 1004 2962 venans
1025 2905 1203 2969 commodi.

178 3002 251 3063 Hoc
271 3021 341 3061 cum
363 2999 437 3059 nihil
457 3000 495 3059 ad
516 2997 648 3059 Lutheri
669 2998 830 3078 negotium
852 2999 1020 3077 pertineat,
1050 3004 1131 3083 (prid
1152 3016 1204 3068 cst

178 3100 267 3182 quod
288 3099 431 3180 queritur
451 3097 633 3159 Huttenus?
654 3099 717 3157 Per
735 3121 785 3159 me
805 3101 876 3160 licet
895 3101 936 3160 illi
957 3102 1061 3162 odisse
1083 3106 1203 3166 Alcan-

182 3199 290 3271 drnm,
318 3210 468 3279 qnantum
504 3200 600 3257 volet.
655 3199 759 3258 Porro
797 3221 865 3279 ‹prae
898 3201 1003 3265 scribit
1035 3204 1202 3269 Hnttenus

181 3300 257 3373 „ille
276 3309 308 3360 te
328 3309 407 3359 amat
427 3297 536 3371 unice,
568 3299 652 3358 illurn
680 3310 713 3358 tu
733 3298 880 3358 dilectum
904 3301 1017 3375 habes,
1049 3323 1124 3366 curn
1145 3305 1202 3368 illo

178 3398 317 3461 suaviter
332 3397 431 3472 vivis,
451 3408 483 3457 et
500 3397 532 3457 in
551 3398 683 3458 mediam
701 3401 891 3479 quamloquc
908 3413 1032 3462 noctem
1044 3405 1202 3481 producis

178 3501 312 3562 literatus
339 3498 479 3570 fabulas,
508 3495 599 3555 etiam
620 3499 768 3559 convenit
791 3499 872 3559 inter
896 3522 972 3573 vos,
1007 3514 1041 3561 ut
1061 3505 1203 3570 Romam

178 3601 256 3662 eatis
275 3604 378 3672 uua,“
399 3597 497 3677 ipsius
517 3610 727 3659 commentum
749 3612 808 3673 est,
831 3621 896 3659 non
917 3621 985 3660 mea
1004 3623 1081 3663 vox.
1123 3609 1204 3669 Ete.

160 3701 244 3763 ‘nim
263 3707 332 3782 qu'ae
351 3698 384 3759 in
407 3698 537 3778 epistota
559 3699 597 3757 ad
617 3699 788 3758 Laurinnm
810 3694 1029 3761 ⁴commemoro
1056 3704 1097 3763 de
1119 3727 1203 3768 cou-

180 3801 348 3862 suetudine
377 3820 446 3860 eurn
474 3800 648 3871 Alcarulro,
683 3801 786 3857 omnia
815 3799 846 3858 in
872 3802 931 3859 lroc
964 3803 1202 3884 producuntur,

181 3921 247 3962 nou
260 3912 294 3960 ut
309 3901 525 3978 persuadeam,
543 3920 681 3978 ariagnem
696 3899 766 3957 milri
784 3921 853 3958 cnm
868 3899 918 3959 iilo
934 3921 1002 3962 esse
1019 3904 1203 3985 anrieitiam,

182 4000 238 4062 sed
267 4000 481 4060 utadvcrsus
511 4021 583 4068 eos,
613 3999 667 4079 qni
695 4019 792 4057 meam
827 4000 1056 4076 protectionem
1087 4007 1205 4085 lugam

183 4121 252 4161 esse
272 4098 447 4177 jactabant,
470 4100 636 4169 (lacerem,
658 4120 707 4157 rue
728 4102 825 4175 palum
845 4111 875 4159 et
895 4103 1040 4161 ornnibus
1060 4109 1203 4169 corisciis

126 4231 128 4235 ’
183 4202 292 4263 abisse.
344 4199 413 4261 Jam
438 4201 523 4274 linge
557 4197 588 4257 id
617 4199 704 4279 (prod
743 4220 807 4256 ntur
839 4211 902 4273 est,
937 4223 987 4261 ine
1022 4205 1204 4285 Alcandro,

182 4306 260 4365 male
279 4301 415 4372 volenti,
444 4302 523 4359 rnale
542 4301 637 4371 velle,
665 4299 721 4356 sed
746 4296 905 4358 simulasse.
926 4302 1107 4377 anricitiarn,
1130 4329 1202 4388 quo

181 4405 283 4465 miuns
307 4402 447 4473 lactaret,
480 4409 579 4480 utque
610 4399 667 4457 lrac
693 4397 797 4484 specie
824 4399 1009 4480 'l'lreologos
1040 4409 1204 4484 quosdam
