2618 5108
290 1315 563 1390 Bilibaldus
602 1317 955 1410 (Pirkheimer.)

464 1457 700 1532 Hutteno
735 1457 768 1532 S.

98 1748 194 1844 Nihil
221 1776 307 1846 aliud
331 1783 363 1846 in
390 1804 482 1848 eausa
510 1782 589 1857 fuit,
616 1786 755 1846 lluttrme
781 1787 917 1866 optime,
950 1789 1038 1872 quod
1066 1800 1128 1854 tarn

96 1885 151 1946 diu
174 1884 250 1945 nihil
272 1887 309 1945 ad
330 1897 361 1946 te
381 1885 510 1963 scripsi,
540 1907 634 1966 (arram
654 1887 731 1946 certi
752 1887 854 1947 nuntii
875 1889 1028 1968 penuria:
1056 1913 1127 1954 nam

96 1988 224 2049 incertis
245 1987 319 2048 nilril
340 1986 536 2048 committere
559 1985 655 2047 volui.
695 1987 784 2046 vNosti
799 1988 882 2049 enim
899 1993 1126 2054 malevolorum

96 2089 246 2163 insidias,
275 2109 415 2170 quornm
443 2086 642 2167 improbitate
661 2107 726 2151 non
753 2090 853 2149 solum
880 2089 973 2150 litera·
1003 2095 1128 2156 laterai.

95 2192 242 2272 piantur,
270 2190 376 2250 sedet
397 2191 575 2268 inlerceplae
597 2188 826 2267 depravantur,
849 2190 1025 2269 depravat-ar
1046 2217 1125 2257 vero

94 2290 282 2356 traducendi
306 2289 404 2369 gratia
429 2287 701 2349 circumferantur.
741 2291 939 2367 Accedebat,
969 2297 1057 2375 qnod
1078 2297 1126 2378 ig-

94 2414 261 2467 norarem,
295 2391 425 2451 ubinam
444 2410 460 2450 a
480 2388 562 2450 facie
587 2390 662 2450 tanti
685 2390 802 2452 inimici
822 2392 1042 2471 delitescereS,
1071 2410 1125 2460 aut

95 2517 160 2578 quo
184 2497 310 2557 tandem
330 2491 425 2552 litera
446 2503 551 2553 essent
572 2493 739 2553 mittenda».
779 2494 840 2554 Sed
862 2494 958 2559 dubia
978 2499 1042 2559 ltaec
1060 2503 1125 2563 Bn-

94 2618 186 2658 cerus
214 2596 291 2672 (jam
318 2606 350 2656 et
375 2599 498 2670 noster)
533 2592 676 2656 sustulit:
711 2594 803 2671 eujus
832 2618 929 2676 opera
962 2602 1124 2679 pristinam

93 2697 314 2780 negligentiam
346 2717 493 2779 reparare
521 2716 701 2776 possumus.
749 2697 845 2776 Quod
871 2718 950 2758 vero
978 2700 1050 2762 milri
1080 2703 1123 2764 ob

94 2800 344 2864 Romanensium
374 2798 504 2878 injurias
537 2799 745 2878 compateris,
780 2822 815 2860 ae
847 2822 897 2861 me
932 2812 993 2862 lam
1024 2805 1122 2869 amice

92 2902 219 2977 solaris,
245 2902 360 2983 gratias
386 2899 566 2963 humanitati
593 2911 653 2960 tua
681 2920 753 2977 agn.
793 2902 927 2963 Omnem
954 2919 1123 2969 moverunt

90 3005 241 3086 lapidem,
270 3014 306 3064 ut
326 3000 400 3063 milri
422 3001 581 3066 obessent.
621 3001 684 3061 Sed
713 3002 800 3063 Deus
820 3023 871 3063 me
891 3005 1056 3087 lineasque
1081 3008 1120 3068 ab

91 3129 203 3170 eorum
222 3105 388 3168 fraudibus
410 3105 599 3180 custodirit‚
626 3125 660 3164 ac
682 3103 795 3164 deliine
823 3106 871 3174 lut
891 3111 1001 3183 spera)
1027 3111 1120 3188 plane

88 3208 246 3272 liberabit.
285 3205 430 3267 Proinde
451 3218 512 3268 tam
537 3206 596 3267 etsi
616 3208 648 3268 in
675 3205 801 3267 ciritale
821 3205 919 3267 libera
939 3207 997 3269 sim
1017 3221 1119 3286 natus,

88 3331 155 3371 non
175 3320 279 3370 tamen
298 3309 423 3387 penitus
444 3307 502 3369 mei
524 3305 602 3387 juris
623 3329 702 3369 sum.
743 3307 872 3368 Senatui
892 3307 989 3387 igitur
1009 3316 1134 3373 nostro*

87 3432 139 3473 me
155 3409 288 3472 obedire
305 3407 464 3488 oportuit,
485 3409 622 3491 quirem
643 3393 807 3488 lineasque
823 3409 1009 3486 prudentius·
1025 3433 1119 3493 qaam

88 3513 211 3573 virilius
243 3510 331 3591 egit,
368 3531 426 3570 nee
446 3510 514 3571 sine
540 3510 679 3588 impensa
705 3519 817 3569 tamen.
864 3511 931 3569 Nec
958 3510 1031 3571 milri
1058 3525 1119 3575 lam

89 3613 223 3675 Lutlreri
243 3632 337 3694 quam
359 3610 532 3689 Capnionis
559 3610 692 3671 amicitia
720 3609 845 3683 nocuit,
881 3607 972 3686 cnjus
1002 3611 1118 3676 inimici

88 3714 248 3796 precipue
281 3734 331 3773 me
364 3711 564 3772 infestarunt.
609 3711 671 3771 Sed
699 3721 810 3770 armeta
840 3709 904 3771 haec
933 3711 1009 3773 mibi
1034 3715 1119 3779 laudi

88 3819 182 3878 duca.
222 3813 308 3894 Quin
328 3824 360 3873 el
379 3813 495 3874 Eccius
515 3813 679 3874 dedolatus
693 3812 720 3885 ²³)
740 3832 804 3872 non
828 3827 940 3892 ptrras
958 3815 1033 3877 mibi
1048 3839 1118 3882 sus·

87 3967 255 3982 *-

122 4056 151 4116 *)
169 4062 252 4111 Eecius
279 4062 404 4109 dedolatus
430 4063 513 4108 auterre
541 4061 635 4108 Joanae
663 4059 789 4106 Franclsco
816 4061 1020 4118 Callalambergla
1043 4067 1115 4121 pocla

155 4149 272 4193 laureato.
307 4147 365 4191 Data
384 4146 528 4192 Pirldrelmer
546 4148 588 4192 der
606 4147 734 4191 vertisset
752 4147 831 4192 dieser
849 4148 932 4205 Satyre
952 4147 998 4204 ist,
1025 4149 1115 4197 bewlrs

154 4231 302 4288 birrlaugllelr
321 4233 338 4277 l.
359 4232 383 4276 ll.
403 4233 519 4277 lliederer
536 4232 560 4276 in
579 4231 658 4277 selner
678 4231 777 4276 Selnill:
808 4233 920 4290 chtray
948 4245 980 4276 aa
1005 4237 1050 4278 dea
1071 4240 1116 4282 Reae
1145 4219 1147 4223 ¹

152 4320 332 4369 sarmatlons.
348 4319 496 4374 talariam,
525 4317 664 4370 hetreffcad
688 4320 727 4362 dle
755 4319 868 4374 lllr'adcl,
898 4319 989 4364 nutele
1010 4321 1040 4363 1).
1063 4321 1115 4366 Ecd

155 4403 202 4461 ὂψ
222 4403 380 4448 Pulllcatlau
399 4405 443 4446 der
459 4401 619 4456 addstlr'clrca
641 4403 712 4447 autre
730 4406 763 4447 ira
781 4404 850 4450 Julrr
870 4401 932 4448 1520
959 4410 1048 4460 errefft
1066 4405 1113 4451 lul

153 4490 208 4533 ΛΗ.
230 4487 300 4534 1762.
318 4498 372 4544 pag.
395 4486 548 4535 lta-191.
