2618 5108
524 727 724 804 Invectivo.
1057 744 1129 826 2⁶9

99 921 180 988 nicae
200 923 371 989 nobilitatis
383 925 406 1003 l)
427 924 639 1007 imperatoriis
657 923 789 989 auribus
806 926 947 1006 heretis,
964 951 1130 1016 quaspes.

92 1022 184 1089 simis
205 1024 354 1089 institutis
374 1041 406 1091 et
425 1026 592 1090 conatibus
615 1047 711 1110 supra
728 1026 858 1090 modum
871 1027 973 1112 impiis
988 1044 1019 1095 et
1032 1037 1128 1100 sacri·

92 1127 173 1210 legis
194 1127 388 1208 opplesistis.
427 1129 470 1190 Et
489 1127 552 1209 jam
571 1128 709 1192 edictum
723 1128 900 1194 extorsistis
912 1132 962 1206 illi,
976 1154 1126 1217 magnum

93 1229 302 1303 damnationis
330 1241 445 1292 nostrae
473 1229 705 1310 prejudicium.
750 1230 874 1294 Verum
893 1232 995 1314 agite,
1014 1235 1124 1316 surita,

94 1329 221 1394 utimini
253 1351 418 1407 successu,
458 1352 566 1414 neque
598 1353 617 1392 a
636 1352 815 1414 quoquam,
849 1336 880 1394 in
899 1335 1125 1417 cogitationen

96 1432 185 1516 quod
203 1431 345 1508 venerit,
382 1431 470 1494 dicto
492 1444 545 1494 aut
564 1433 649 1494 sacto
671 1433 832 1496 continete
851 1455 930 1511 uos,
960 1437 1045 1503 ruite
1064 1462 1124 1523 per

93 1534 273 1609 vesaniam,
306 1533 349 1596 ite
369 1533 561 1616 praecipites,
593 1533 759 1613 impellite,
790 1546 926 1613 vastate,
957 1541 1122 1620 proterite,

89 1636 248 1698 vecordes
283 1645 316 1695 et
349 1646 505 1709 amentes,
537 1634 677 1722 invadite
709 1646 742 1698 et
773 1634 966 1701 invehimini.
1016 1641 1121 1709 Etiam

90 1749 199 1800 nostro
226 1734 395 1818 aliquando
425 1736 561 1798 adenrnt
590 1734 683 1799 nobis
713 1747 883 1819 tempora·
922 1742 1120 1828 Quamquam

90 1838 217 1902 interim
235 1839 362 1915 videte,
392 1836 449 1919 spui
469 1848 610 1900 rectores
630 1835 693 1916 jam
712 1859 798 1900 nunc
817 1838 891 1903 estis
911 1839 1120 1922 imperatorias

87 1939 243 2023 juventae,
276 1963 342 2023 qno
362 1937 524 2001 abducatis
543 1941 605 2000 hoc
629 1937 793 2017 ingenium
821 1941 978 2005 reddituri
1005 1950 1118 2026 procul

86 2042 189 2106 dubio
218 2041 424 2103 consiliorum
451 2038 592 2102 omnium
618 2037 797 2103 istiusmodi
825 2041 996 2119 rationem,
1031 2048 1117 2128 opud

84 2165 161 2221 eos,
196 2143 281 2226 apud
300 2163 391 2226 quos
410 2141 538 2203 minime
564 2143 686 2204 voletis.
725 2141 817 2219 Scio,
845 2157 978 2226 quaest
995 2147 1116 2227 indole,

86 2244 275 2335 diujtenuit
296 2243 524 2327 iniquissimam
543 2243 800 2322 postulationem.
850 2246 974 2310 Verum
999 2248 1119 2332 effingi·

82 2345 257 2412 talionibus
277 2348 440 2427 fatigatus,
471 2347 563 2406 etiarn
583 2343 675 2406 minis
696 2347 877 2426 compulsus
897 2349 982 2426 (nam
1002 2367 1034 2415 et
1052 2354 1117 2417 huo

81 2450 279 2532 impotentiae
301 2446 505 2528 pervenistis)
525 2457 561 2507 ut
583 2456 615 2506 et
629 2447 770 2508 molestia
786 2460 925 2526 uacaret,
945 2453 1117 2533 etpericue

81 2556 150 2617 lum
170 2549 360 2624 declinaret,
381 2547 488 2624 dedit,
509 2546 599 2630 quod
618 2548 695 2610 dare
709 2569 780 2609 non
800 2559 923 2628 potest,
956 2551 983 2614 si
1001 2555 1116 2634 possin
1193 2581 1197 2589 ·

81 2676 150 2720 non
170 2653 276 2716 debet.
316 2651 391 2713 Hoc
408 2670 475 2712 vos·
491 2648 657 2724 exultatis,
678 2650 741 2711 hoc
759 2648 895 2712 invicem
909 2655 1115 2735 gratulamini,

24 2783 30 2799 ’
82 2765 119 2820 et
136 2753 227 2841 quasi
252 2754 417 2834 Babylone
444 2750 614 2825 debellata,
642 2749 689 2812 sic
709 2749 925 2831 triumphatis,
956 2774 1029 2818 cum
1052 2776 1115 2820 nos

80 2859 213 2926 minime
233 2857 266 2919 id
285 2866 433 2931 moveat,
456 2853 725 2935 quemadmodum
743 2851 793 2915 illa
809 2875 958 2937 quoque,
980 2855 1114 2923 ulterius

79 2983 155 3048 quae
173 2956 396 3033 dominamini,
430 2955 559 3018 exilium
578 2963 611 3014 et
629 2974 752 3029 mores,
783 2953 878 3037 (ligna
897 2967 934 3018 ut
951 2956 1045 3021 vobis
1060 2957 1115 3045 vi»

77 3062 176 3127 detur
194 3058 336 3142 praemia,
374 3079 444 3141 qua
470 3052 622 3119 libertatis
649 3055 865 3119 adsertoribus
884 3059 1134 3138 rependantur·

76 3166 161 3230 Nam
195 3174 233 3224 ut
260 3157 483 3242 persuadeatis.
505 3156 565 3232 illi,
609 3153 746 3238 ineptam
778 3158 1045 3240 proscriptionem
1075 3172 1112 3230 ut

77 3274 229 3330 exerceat
243 3258 461 3333 acerbissime,
479 3278 537 3319 nos
552 3255 664 3331 rebus,
682 3256 799 3336 patria,
817 3258 909 3320 etiam
922 3261 988 3321 ‘vita
999 3272 1110 3339 anuali

75 3374 185 3430 nmen
215 3367 310 3426 multa
339 3373 371 3424 et
399 3358 523 3422 iuterim
549 3369 581 3420 et
606 3357 807 3420 infuturum
827 3361 997 3423 metuenda
1012 3361 1110 3439 vobi·

77 3477 165 3531 aunt.
216 3463 360 3527 Primum
387 3461 471 3523 enirn
499 3459 613 3522 videtis
646 3459 738 3520 nobis
766 3481 900 3544 quoque
919 3462 1111 3539 conjurandi

76 3587 139 3650 pro
173 3565 314 3648 partibus
345 3562 480 3636 nostris,
520 3572 552 3622 et
579 3580 704 3622 causam
729 3583 801 3624 esso
828 3575 859 3624 et
896 3563 1111 3630 occasionem

75 3669 204 3736 Deinde
227 3668 407 3730 meminisse
432 3685 491 3728 vos
517 3664 630 3736 (lecet,
659 3661 686 3724 si
713 3661 791 3744 quid
820 3662 919 3726 initis
939 3664 1036 3729 rebus
1059 3668 1111 3744 (ut

75 3769 164 3834 varia
184 3781 230 3833 est
249 3769 392 3843 fortunia)
424 3768 503 3828 male
535 3766 640 3839 cadat,
673 3765 763 3841 iore,
798 3777 834 3827 ut
860 3766 1108 3833 innocentissimi

73 3872 233 3955 Principis
262 3875 382 3951 lapsum
408 3867 558 3929 avestris
585 3865 728 3928 manibus
755 3866 919 3949 requirant
951 3869 1112 3937 honines,

72 3975 195 4042 Discite
230 3995 329 4049 vero,
361 3972 505 4034 mortales
535 3967 693 4040 homines,
726 3966 818 4030 inter·
837 3966 950 4030 blanda
968 3969 1111 4036 fortunas

75 4077 250 4161 obsequia,
280 4076 352 4157 ejus
382 4071 619 4136 mutabilitatem
645 4071 764 4131 habere
793 4077 982 4150 suspectam.
1030 4073 1108 4137 Non

72 4191 209 4263 possunt
238 4179 387 4241 diuturna
407 4178 472 4238 haec
500 4195 584 4248 esse,
621 4170 774 4234 cumsint
800 4169 943 4233 fortuita.
981 4171 1044 4235 Sed
1063 4173 1107 4238 ita

72 4281 206 4345 forsitan
236 4282 309 4343 Deo
338 4279 460 4354 visum,
493 4289 528 4338 ut
558 4275 618 4357 ipsi
646 4269 829 4355 provocetis
862 4271 994 4333 exitium
1013 4272 1103 4353 prius

73 4397 233 4460 vestrum,
271 4403 364 4465 quam
386 4380 506 4443 inferre
527 4378 578 4440 alii
598 4376 749 4459 cogitent.
801 4371 867 4451 lpsi
886 4373 1103 4457 persequendi
