2618 5108
345 90 628 327 κῃ.“μ

151 827 223 901 urs
499 825 823 929 spongeum

151 1039 246 1102 quem
277 1038 429 1103 ugnosco,
482 1021 583 1085 Sumit
611 1021 672 1086 sibi
695 1020 827 1104 primum
857 1022 983 1085 leudem
1012 1018 1176 1081 veritatist

152 1140 191 1182 ee
209 1120 302 1183 decet
326 1123 528 1186 Gennenum.
567 1125 642 1186 Non
663 1121 779 1205 patirur
794 1122 942 1204 tbrogeri
966 1121 1027 1185 sibi
1048 1119 1176 1183 laudent

149 1220 363 1284 humanitatis:
400 1244 438 1286 ee
461 1224 553 1287 docet
581 1224 748 1306 literatum.
803 1224 906 1304 Neget
936 1220 1092 1284 surtiriere
1115 1238 1172 1295 se,

149 1332 185 1383 ut
209 1343 229 1383 a
248 1344 414 1407 ¹quoquam
441 1323 608 1407 instigetur
639 1325 791 1386 adversus
813 1323 963 1385 amicum:
997 1321 1090 1382 decet
1108 1321 1174 1382 bon

148 1421 265 1484 fortem
285 1444 322 1485 ec
337 1425 526 1505 prudentem
540 1424 689 1508 equitem.
727 1425 796 1486 Nec
810 1434 889 1503 puto
907 1423 993 1485 illum
1009 1421 1172 1504 ignorare,

149 1542 242 1604 quem
263 1522 339 1584 nihil
358 1523 398 1586 sit
416 1524 617 1587 tribuendum
633 1523 749 1607 linguis
769 1522 989 1599 delatricibus,
1014 1543 1072 1602 per
1091 1542 1172 1603 quet

149 1642 367 1703 saepenumero
394 1636 459 1686 tota
484 1626 576 1687 etiem
597 1645 696 1708 regna
721 1626 959 1688 subvertuntur.
997 1626 1066 1686 ttee
1086 1623 1172 1704 sugit

150 1745 241 1799 cum,
268 1745 363 1806 quam
389 1745 472 1806 egre
489 1726 529 1788 sit
553 1727 793 1791 renundnudum
813 1725 970 1799 amicitie,
997 1722 1171 1805 presertim

148 1846 217 1907 quae
240 1824 366 1886 minime
388 1827 527 1908 vulgaris
551 1826 627 1902 tuit,
659 1848 753 1910 quam
775 1847 842 1889 non
867 1837 985 1888 temere
1016 1824 1169 1903 capienda

149 1927 190 1989 eit
234 1926 388 1989 adversm
416 1927 583 2006 probatum
611 1926 744 1989 amicum
785 1925 935 2006 aspicio.
998 1925 1167 1988 Postremo

80 2092 88 2103 ,
146 2028 275 2110 quando
311 2047 435 2088 morum
475 2048 606 2111 quoque
643 2028 767 2089 leudem
795 2026 855 2088 sibi
890 2026 1046 2101 vindicat,
1098 2047 1166 2088 uon

148 2139 254 2211 potest
283 2127 370 2189 illum
402 2127 533 2209 fugere,
580 2127 657 2212 quid
683 2126 868 2189 reverentius
897 2127 1012 2190 debeat
1040 2125 1167 2203 juvenis

104 2272 111 2283 ·
144 2230 231 2303 seni,
252 2248 350 2303 oeno,
380 2227 499 2300 amico,
523 2227 739 2303 benemerito,
760 2238 794 2288 et
815 2226 1041 2289 benemerenti.
1079 2226 1167 2306 Quid

146 2329 230 2389 enim
255 2348 340 2389 nunc
365 2327 451 2389 aliud
484 2348 565 2408 ego,
609 2349 702 2410 quam
731 2327 864 2390 assiduis
891 2328 969 2389 meis
1003 2327 1167 2390 laboribus

145 2447 212 2488 rem
242 2427 467 2507 Evangelicem
508 2429 708 2509 promoveo?
745 2429 851 2492 Atrox
886 2428 983 2510 igitur
1011 2429 1167 2509 flagitium

144 2525 357 2588 intercesserit
392 2539 537 2609 oportet,
574 2531 662 2612 quod
689 2529 876 2608 compulerit
898 2531 1078 2592 llutteuum
1106 2532 1164 2593 hu·

143 2628 296 2691 munitatis
310 2615 497 2705 antistitem,
518 2629 642 2692 violetis
665 2630 809 2692 omnibus
830 2629 999 2712 gratiarum
1029 2631 1167 2711 legibus,

110 2725 114 2733 '
144 2728 274 2790 oblitum
284 2730 385 2793 omnis
395 2751 472 2793 mese
483 2730 695 2793 beneficentiae
703 2730 849 2811 pristinu,
858 2743 963 2811 spreta
971 2731 1165 2808 reverentie,

145 2850 215 2912 que
242 2830 418 2893 debebatur
444 2831 517 2892 lruic
544 2830 693 2905 caniciei,
726 2852 818 2912 quem
851 2830 949 2911 ipsam
983 2853 1097 2913 magna
1123 2854 1166 2895 cx

141 2941 230 3011 perte
250 2931 354 2992 debeo
373 2930 552 3005 laboribus,
579 2930 696 3012 quibus
716 2930 847 3011 publice
866 2931 990 2993 utilitati
1010 2932 1163 3009 inservio,

142 3033 225 3092 nulle
262 3033 419 3109 premissa
451 3032 724 3114 expostulatione,
766 3050 836 3114 quoe
871 3031 941 3094 lieri
973 3018 1053 3094 solet
1080 3032 1165 3095 inter

142 3129 288 3209 publicos
307 3133 428 3201 hostes,
451 3132 539 3212 prius
559 3153 654 3213 quam
671 3131 762 3213 signa
776 3133 1026 3205 committantur,
1048 3132 1164 3197 librum

140 3229 173 3293 in
194 3243 367 3298 Erasmum
388 3232 559 3311 evulgem,
580 3243 628 3292 tot
646 3231 831 3307 meminoiis,
857 3243 903 3293 tot
925 3232 1094 3307 conviciis,
1115 3244 1164 3296 tot

141 3331 351 3397 amarulentiis
377 3333 520 3415 undiquc
546 3323 738 3394 scatentem?
780 3335 854 3394 Non
873 3332 995 3412 ebrogo
1017 3333 1077 3412 ipsi
1097 3335 1165 3395 leu-

140 3438 212 3500 dem
238 3432 393 3509 veritatis,
414 3434 471 3495 scd
497 3435 557 3495 hoc
576 3432 691 3494 indicet
718 3433 784 3513 ipsa
811 3453 880 3508 res,
911 3433 969 3507 illi,
1000 3455 1072 3497 eum
1099 3436 1164 3499 hec
1190 3503 1192 3506 .

140 3539 323 3611 adornaret,
349 3545 569 3616 suggestorem
588 3534 686 3597 fuisse
707 3534 738 3595 in
759 3532 891 3595 consilio
909 3536 1005 3615 louge
1022 3535 1163 3599 omniurn

140 3639 352 3702 vanissimum.
392 3634 548 3698 Caeterum
574 3634 635 3711 jem
662 3635 822 3697 audiamus
842 3636 999 3697 horrende
1020 3635 1161 3711 crimina,

140 3740 255 3824 quibus
276 3734 398 3810 dilutis,
426 3733 551 3797 vestiam
578 3737 617 3795 ad
647 3734 721 3797 illud
750 3736 889 3796 omnium
918 3735 1160 3799 atrocissimum:

139 3838 296 3903 siverum
326 3846 425 3909 esset,
460 3837 548 3918 quod
579 3856 641 3916 ego
670 3835 757 3915 prius
783 3846 865 3897 sture
890 3836 1000 3898 solitus
1034 3849 1161 3917 aparte

139 3939 344 4020 Euangeliou,
366 3956 451 3997 nuno
471 3936 576 3997 subito
595 3946 729 3997 mutatus
748 3936 781 3996 iu
803 3936 962 3998 diversum
980 3938 1159 4017 aggrediar,

138 4051 240 4103 totum
269 4037 477 4119 Evangelium
506 4058 569 4098 une
595 4056 667 4097 cum
687 4035 813 4097 Christo
844 4037 1047 4110 subvertere,
1072 4059 1154 4099 cum

136 4139 188 4205 bio
220 4140 288 4220 ipsc
320 4137 454 4200 Hutteni
491 4137 612 4198 libellus
645 4137 814 4199 offenderit
843 4159 893 4200 mc
923 4149 991 4197 toto
1026 4151 1156 4218 pectore

138 4244 302 4307 sudantem
332 4239 365 4300 in
395 4239 603 4320 provehendo
628 4236 760 4317 negotio
786 4238 996 4317 Evangelico,
1030 4259 1090 4298 uec
1118 4239 1158 4301 al)

138 4347 199 4408 boc
218 4340 332 4406 studio·
344 4338 582 4421 conquieverim
600 4358 741 4419 uuquam
760 4336 791 4399 iu
811 4337 903 4399 tentis
923 4358 1028 4399 rerum
1043 4341 1158 4401 tumul·

138 4447 240 4520 tibus,
261 4461 297 4504 ac
314 4438 556 4509 discriminibus.
588 4438 735 4518 ¹Primum
752 4435 850 4516 igitur
866 4436 985 4505 etiuten
1004 4437 1156 4502 illudent:
