2618 5108
190 832 265 908 142
493 831 662 908 Monitor
697 807 923 908 secundus·
964 830 969 835 ’
1022 822 1024 826 ⁴
1107 908 1110 915 .

181 1026 318 1105 liditate,
352 1026 582 1110 s'yeophantiis,
616 1025 767 1108 perfidia,
805 1026 1007 1103 infidelitate,
1051 1000 1272 1125 perjuriia:''“

181 1128 600 1229 saerilegiimietionibus,
626 1128 771 1204 laliaciis,
800 1127 979 1201 calumniis,
1002 1127 1214 1206 contumeliis,

124 1236 129 1244 ’
179 1231 311 1307 malitia,
335 1232 480 1304 audacia,
503 1231 602 1306 ludis,
623 1229 785 1305 ludibriis,
806 1228 1094 1304 ludificationibus,
1114 1227 1213 1305 tricis,

180 1332 458 1410 fascinationibus,
490 1332 631 1408 insidiis,
667 1329 834 1406 machinis,
878 1328 1073 1404 terroribus,
1107 1327 1212 1404 minis,
1244 1415 1247 1419 .

78 1480 80 1482 -
179 1432 364 1516 praestigiis,
409 1433 522 1510 furtis,
567 1433 706 1514 rapinis,
748 1430 1043 1516 harpagationibus,
1078 1429 1215 1505 astutiis,

181 1537 301 1620 quibus
334 1535 471 1597 humano
501 1534 613 1616 generi
632 1533 798 1615 imponunt
818 1534 874 1608 ii„
891 1533 948 1615 qui
967 1531 1106 1594 eeclesiae
1127 1549 1215 1593 natac

185 1646 296 1699 teuent
322 1636 561 1719 gubernacula?
594 1634 719 1698 Deinde
762 1635 1030 1720 quemadmodum
1065 1633 1215 1694 studeant

178 1738 240 1814 illi,
266 1758 333 1800 non
353 1749 389 1799 ut
408 1757 468 1799 nos
488 1737 643 1814 doceant,
672 1737 761 1820 quod
788 1736 1020 1816 Episcoporum
1048 1735 1161 1818 utique
1181 1746 1215 1798 et

180 1840 388 1902 Sacerdotum
404 1850 471 1901 erat
487 1838 642 1914 officiunt,
666 1838 723 1900 sed
742 1849 778 1899 ut
798 1837 962 1917 diripiant,
983 1847 1016 1897 et
1029 1836 1213 1917 compilent,

180 1943 271 2028 quod
290 1964 308 2004 a
327 1942 467 2021 tyrannis
489 1940 586 2003 metui
599 1943 695 2014 solet,
717 1960 776 2001 nec
796 1937 836 1999 ut'
851 1937 998 2000 meliores
1018 1959 1078 2000 nos
1093 1937 1214 2002 l'aciant

180 2045 377 2121 erudiendo,
404 2044 461 2106 sed
490 2054 526 2105 ut
555 2041 709 2124 rapiendo
738 2039 930 2102 tenuiores?
967 2043 1009 2101 Et
1037 2050 1073 2101 ut
1104 2041 1211 2104 omnia

176 2147 289 2211 Romae
308 2145 517 2227 adquaestum
536 2153 761 2226 comparentur
774 2142 887 2216 hodie,
908 2143 1131 2223 pictatilocur
1143 2164 1212 2208 non

177 2247 243 2311 sit?
282 2248 390 2329 thue
425 2245 487 2324 ibi,
527 2246 673 2329 quoties
685 2244 763 2310 novi
790 2243 981 2323 adornantur
1012 2244 1210 2324 cardinales,

175 2347 273 2410 toties
304 2356 450 2408 recentes
477 2347 644 2409 adornatos
671 2345 732 2410 sibi
757 2344 950 2426 ‘spoliatores
984 2356 1016 2408 et
1042 2347 1211 2428 predones

176 2447 345 2510 Germania
365 2447 540 2530 intelligat?
565 2459 601 2510 ut
620 2447 800 2529 Episcopus
902 2467 936 2508 re
957 2447 1124 2511 Germanis
1141 2469 1210 2513 uon

174 2548 286 2623 liceat,
319 2547 380 2610 nisi
409 2550 466 2632 qui
501 2549 611 2612 Romae
644 2549 734 2630 pallia
763 2548 1083 2633 emerint,··qnorum
1103 2562 1208 2615 tamea
1255 2578 1259 2583 ·

174 2648 335 2726 venditio,
369 2647 504 2713 auctiori
523 2648 557 2712 in
577 2651 645 2714 dies
664 2650 769 2734 pretio
789 2649 1013 2732 proponatur?
1030 2663 1080 2728 ,ut
1099 2664 1208 2734 patro-

173 2769 291 2814 norum*
309 2752 460 2814 tollantur
480 2749 570 2832 jura,
589 2751 725 2833 antiquis
747 2752 1033 2816 consuetudinibus
1053 2753 1208 2823 interces-

174 2851 224 2915 sio
243 2846 314 2928 flat,
342 2852 480 2914 nationis
499 2851 596 2932 hujus
616 2852 765 2917 Libertas
785 2854 1007 2928 conculcetur,
1027 2855 1209 2938 principum

173 2954 326 3017 autoritas
346 2955 486 3017 ludibrio
505 2956 675 3031 habeatur,
696 2965 729 3018 et
747 2967 783 3018 ut
794 2953 972 3018 sacerdotia
984 2956 1035 3017 hic
1047 2950 1213 3034 majorum

174 3066 360 3118 nostrorum
390 3056 574 3120 liberalitate
598 3058 757 3136 instituta,
791 3059 836 3121 iis
863 3056 919 3140 qui
945 3056 979 3120 in
1006 3057 1094 3119 ltalia
1121 3070 1208 3136 sunt,
1234 3062 1237 3067 ’

171 3155 288 3218 habere
327 3156 439 3233 liceat,
469 3158 636 3222 nobiscum
666 3158 743 3222 nihil
778 3179 946 3222 commune
980 3181 1116 3243 usquam
1144 3161 1207 3244 ipsi
1264 3140 1272 3157 ἱ

169 3257 329 3321 babeant?
356 3269 456 3341 utque
476 3259 535 3322 viis
558 3261 705 3323 omnibus
726 3272 913 3324 occurratur
935 3262 1068 3342 publicae
1089 3261 1207 3327 Liber·

172 3356 247 3434 rari,
269 3368 300 3419 et
320 3379 358 3421 ea
380 3361 473 3422 toties
492 3360 555 3441 jam
575 3363 784 3442 repullulans,
804 3363 940 3426 contrita
958 3364 1015 3440 sit,
1034 3365 1206 3446 respirans,

173 3460 362 3544 praelocata,
387 3482 584 3541 remergeus,
605 3459 770 3545 depressa,
791 3464 948 3541 renitens,
969 3470 1206 3550 conquassata?

168 3574 206 3625 ut
226 3563 304 3626 mira
324 3574 356 3626 et
375 3563 530 3639 inaudita,
553 3565 766 3648 omnibusque
785 3566 948 3648 incognita
967 3571 1088 3631 saeculis
1102 3572 1206 3650 impu·

168 3666 292 3741 dentia,
313 3664 479 3728 veniarum
500 3676 531 3730 et
552 3665 821 3730 condonationem
840 3679 996 3731 mercatus
1019 3671 1069 3733 hic
1087 3673 1204 3736 lrabea-

166 3777 237 3841 tnr,
257 3776 320 3828 tam
340 3766 468 3841 creber,
502 3777 651 3851 tantaque
671 3769 782 3850 eopia,
812 3779 847 3830 ut
874 3769 901 3831 is
921 3769 1020 3831 veluti
1039 3773 1204 3853 quoddam

164 3867 261 3932 hodie
281 3865 453 3944 diluvium,
472 3879 570 3931 totam
590 3869 722 3933 inundet
742 3869 857 3951 passim
878 3869 1097 3950 Germaniam,
1117 3879 1203 3942 nulla

135 4014 145 4035 .
165 3969 295 4054 quidem
317 3969 490 4034 animarum
511 3981 690 4036 nostrarum
709 3993 805 4048 carra,
825 3973 883 4035 sed
902 3973 936 4036 in
951 3973 1091 4038 satianda
1104 3998 1204 4057 pecu-

164 4070 288 4134 niarum
308 4071 373 4147 siti3
395 4094 502 4156 neque
522 4085 627 4136 tamen
646 4074 763 4154 largius
784 4076 829 4136 hae
842 4075 903 4136 sub
919 4087 1074 4155 praetextu
1088 4079 1202 4165 benig-

112 4225 121 4234 .
164 4173 270 4237 nitatis
286 4174 538 4256 profundantur,
559 4192 654 4260 quam
669 4176 842 4240 crudeliter
862 4179 1202 4248 excommunicationis

164 4275 285 4350 fulmen
316 4277 563 4362 conspergitur?
584 4277 710 4362 ·thue
740 4301 778 4341 ea
807 4301 900 4359 poena
927 4280 961 4343 in
986 4292 1107 4344 tantum
1136 4283 1220 4364 jant-

164 4377 475 4454 abusum'venerit,
509 4391 545 4441 nt
574 4401 641 4442 non
678 4381 780 4442 solum
810 4380 1052 4459 innocentibus,
1085 4406 1199 4451 verum

162 4477 256 4542 etiam
275 4497 294 4542 a
312 4481 543 4546 nocentissimis
563 4481 753 4567 infligatur?
778 4481 832 4545 Ad
852 4484 996 4548 ultimum
1021 4485 1063 4550 de
1089 4489 1198 4565 studio
