2618 5108
594 1256 663 1343 Α..

106 1462 251 1537 Erasmi
291 1461 530 1535 Roterodami
567 1463 614 1535 ad
649 1461 857 1536 Udalricum
884 1463 1122 1554 fintenum,

525 1642 642 1694 tet
965 1611 973 1641 Ι

217 1785 448 1884 ejusdem
485 1787 543 1861 ad
578 1788 765 1866 Eobnn,
800 1790 1012 1862 Heasum

489 1960 753 2059 Epistolae.

604 2321 633 2396 Ι.

108 2518 283 2591 Erasmus
318 2517 587 2593 Roterodamus
633 2516 805 2590 Udalrico
842 2516 1006 2594 Hutteno
1038 2515 1073 2592 S.
1088 2517 1127 2602 ¹⁵)

108 2829 278 2928 Hernicus
298 2865 549 2947 Eppendorpus,
578 2865 680 2929 nostri
705 2884 772 2929 non
794 2859 1008 2938 instudiosus,
1039 2868 1128 2924 certe

107 2964 155 3027 tui
181 2966 406 3030 amantissimus
434 2963 643 3030 subindicavit
663 2966 755 3041 mihi,
781 2975 813 3028 te
839 2984 905 3026 non
934 2961 1007 3025 satis
1027 2959 1128 3025 amico

108 3063 143 3128 in
160 3087 211 3129 me
232 3067 335 3130 animo
357 3087 445 3144 esse,
472 3067 553 3130 adeo
578 3077 614 3128 ut
640 3065 795 3142 nesciam,
824 3063 901 3149 quid
921 3060 1129 3126 mordacioris

108 3164 217 3248 scripti
235 3166 408 3229 mediteris.
456 3168 553 3249 Quod
579 3186 642 3249 ego
668 3186 744 3230 sane
763 3186 803 3229 eo
822 3161 921 3244 magis
941 3185 1011 3227 sum
1031 3162 1129 3227 admi·

109 3277 212 3343 ratus,
244 3268 332 3351 quod
352 3268 393 3329 de
411 3288 483 3329 meo
504 3266 538 3328 in
558 3276 589 3328 te
608 3267 731 3345 animo,
760 3289 856 3351 quem
875 3269 1024 3333 hactenus
1043 3268 1128 3330 inte

110 3368 213 3449 gessi,
234 3379 270 3429 ut
289 3369 315 3430 si
335 3367 367 3430 in
388 3389 576 3452 quemquam
595 3369 687 3430 alium
702 3369 960 3446 amantissimum,
980 3369 1055 3432 nihil
1074 3369 1129 3431 ad·

108 3469 171 3532 huc
200 3465 403 3545 immutarim,
437 3468 555 3532 etiamsi
585 3468 745 3550 pristinam
770 3469 1006 3533 familiaritatem
1034 3467 1127 3531 nobis

109 3568 223 3631 invidit
244 3570 283 3631 ad
304 3581 427 3650 tempus
447 3568 592 3631 fortuna:
623 3589 682 3630 nec
701 3569 888 3652 dedignatus
908 3592 978 3634 sum
1002 3581 1033 3632 te
1053 3570 1128 3631 allo·

110 3669 207 3752 quio,
235 3691 332 3752 quum
354 3671 402 3732 hio
423 3670 564 3745 adesses,
593 3670 649 3731 sed
678 3664 902 3733 humanissimis
935 3669 1041 3734 verbis
1070 3691 1128 3752 per

110 3769 393 3850 Eppbendorpium
416 3770 545 3852 rogavi,
578 3780 613 3830 ut
633 3769 822 3845 abstineres,
854 3770 881 3832 si
907 3782 1027 3834 tantum
1046 3782 1130 3835 esset

110 3872 272 3938 salutatio,
302 3884 433 3952 propter
453 3871 621 3947 invidiam,
656 3893 718 3954 qua
737 3883 883 3954 gravatus
903 3893 971 3933 sum
990 3871 1054 3950 jam
1073 3872 1129 3936 dia

110 3993 214 4054 usqne
234 3973 273 4034 ad
294 3970 402 4053 capitis
422 3970 606 4052 periculum.
645 3972 742 4053 Quod
763 3982 866 4034 autem
885 3971 1050 4034 consilium
1069 3984 1127 4050 est,

111 4074 295 4136 lucrifacere
317 4073 483 4149 invidiam,
505 4095 603 4158 quum
623 4073 698 4136 nihit
718 4072 819 4154 prosis
840 4070 964 4134 amico?
983 4074 1066 4155 Ego,
1086 4071 1129 4136 mi

110 4176 269 4250 liuttene,
300 4175 332 4236 in
352 4174 403 4236 tali
423 4187 503 4237 statu
524 4173 550 4236 si
570 4172 700 4237 fuissem
719 4175 894 4248 Huttenus,
917 4173 1000 4234 ultro
1020 4194 1130 4255 rogas·

109 4298 336 4313 ...ι--ι

146 4354 178 4426 *)
197 4365 281 4411 nieser
300 4366 365 4412 eries
380 4367 486 4411 beorsdet
506 4364 555 4409 ms
574 4363 614 4409 tn:
633 4366 734 4410 masma
752 4365 830 4414 sset.
843 4364 920 4413 Basta.
936 4361 1008 4410 1558.
1028 4379 1052 4418 μ.
1068 4363 1127 4411 tost

176 4451 222 4496 und
244 4449 281 4496 bei
300 4450 521 4507 wagensett:
540 4449 604 4496 Seite
621 4448 778 4495 sss-330.
