2618 5108
399 69 518 264 .
561 245 579 257 ν
740 239 776 250 Q

45 253 396 280 'nm-‘rw

285 754 460 828 adversus
485 749 722 852 adspergines
745 747 909 829 Hutteni.
1038 731 1121 826 dbd·

96 947 230 1010 erudite.
272 950 315 1010 Et
347 959 450 1011 tamen
478 958 569 1024 sunt,
606 943 721 1029 quibus
759 927 822 1006 tui
849 942 928 1006 mire
941 928 947 939 ¹
961 936 1119 1010 damini

93 1047 216 1110 festiva.
237 1049 389 1129 Queritur
402 1051 571 1123 Huttenus,
599 1045 688 1130 quod
710 1063 783 1126 ego,
802 1043 930 1125 praebin
950 1045 1112 1129 qualicun-

94 1168 157 1230 que
187 1170 260 1229 spo,
300 1170 350 1211 me
376 1149 605 1230 disputaturum
645 1167 716 1208 eum
743 1146 903 1221 Lutbero‚
938 1144 1112 1209 addiderim

94 1248 214 1311 animos
234 1247 452 1329 Principibus,
485 1260 521 1310 ut
539 1245 638 1310 veluti
665 1245 879 1329 redintegrato
899 1247 981 1308 bello
1005 1244 1111 1309 coori-

96 1359 206 1410 rentur
238 1349 390 1410 advorsus
408 1349 601 1420 Lutherum;
631 1345 790 1427 cumipse
816 1346 921 1427 potius
943 1346 1111 1412 acerbitate

97 1447 206 1509 calami
224 1461 377 1527 provooet
403 1449 542 1509 omnium
570 1447 689 1509 animos
718 1447 750 1507 in
770 1468 859 1522 sese,
893 1458 924 1508 et
944 1450 984 1510 ad
1004 1469 1112 1512 exem·

96 1549 180 1625 ptum
200 1569 300 1630 caprae
319 1548 449 1627 Scyriae,
471 1549 511 1610 de
532 1546 702 1631 quaestio
721 1549 904 1609 Graecornm
920 1549 1109 1629 proverbiis,

95 1648 156 1708 hoc
175 1647 297 1728 ipsum,
320 1650 407 1732 quod
428 1649 565 1711 reddidit
584 1649 660 1710 boni
681 1647 785 1723 lactis,
805 1649 925 1736 ferocia
945 1650 1112 1713 subvertit.-

95 1750 227 1811 Arrodit
253 1762 285 1810 et
318 1751 395 1812 iliud
420 1753 598 1824 Huttenus,
627 1752 716 1835 quod
748 1749 861 1837 alieubi
885 1749 1112 1839 'scripsi-,Quen

97 1869 165 1910 esse
194 1851 437 1929 Evangelieum,
478 1850 596 1913 technis
630 1871 666 1911 ae
698 1849 732 1910 vi
772 1870 961 1933 quemquam
999 1852 1032 1913 in
1058 1874 1116 1919 sua

76 1959 197 2010 eastra
215 1953 416 2028 pertratrere3
442 1973 513 2014 cum
533 1951 607 2014 olim
628 1949 797 2013 Christiani
816 1952 944 2013 cetarint
962 1973 1035 2028 eos,
1057 1952 1115 2037 qui
1209 1997 1211 2001 Α

99 2048 294 2109 vocabantur
312 2051 556 2132 inpericulum,
578 2073 637 2113 nee
657 2052 859 2113 admittebant
878 2051 909 2112 in
929 2073 1017 2114 suum
1037 2072 1115 2115 con·

99 2147 295 2224 tubernium,
325 2150 386 2212 nisi
414 2163 526 2232 sponte
546 2155 688 2214 volentes
709 2163 740 2214 et
760 2151 946 2225 ambientes3
973 2173 1045 2216 cum
1064 2175 1116 2217 me

99 2259 147 2310 tot
181 2250 298 2312 artibus
320 2251 433 2314 ‚conati
458 2251 520 2314 sint
548 2252 671 2315 irretire
694 2252 867 2315 Lutherani
901 2251 1044 2336 quidam,
1073 2274 1116 2317 ne

98 2369 224 2431 possem
245 2349 377 2414 resitire.
427 2352 499 2414 Hoc
517 2354 585 2413 vult
616 2374 701 2415 ame
721 2356 891 2416 confictum
909 2353 1031 2431 videri,
1055 2352 1117 2418 nisi

99 2450 259 2531 proferam
285 2451 341 2532 qui
365 2452 427 2513 hoe
450 2450 594 2514 fecerint.
639 2453 705 2515 Imo
726 2452 793 2533 ipse
812 2456 1018 2530 respondeat,
1039 2455 1117 2538 quid

101 2550 226 2632 egerint
246 2549 306 2626 illi,
328 2552 383 2634 qui
403 2551 532 2632 primam
546 2551 627 2613 illam
641 2552 801 2631 epistolam
815 2553 958 2615 Luthero
971 2554 1117 2634 scriptam

99 2653 304 2733 evulgarunt3
325 2651 413 2735 quid,
435 2652 490 2735 qui
503 2656 572 2714 loca
589 2652 730 2734 quaedam
751 2652 876 2728 odiosa,
898 2672 917 2713 e
934 2653 1020 2715 tibris
1040 2654 1118 2718 meis

99 2749 257 2831 decerpta,
267 2763 299 2813 et
306 2751 339 2814 in
345 2753 483 2834 linguam
491 2751 706 2814 Germanicam
716 2773 808 2815 versa
817 2754 898 2835 typis
910 2753 1130 2834 publicarunu'

99 2861 212 2930 praeter
225 2851 282 2913 atia
293 2854 432 2935 quodam
441 2852 597 2915 incivilius
609 2851 865 2939 etiamerutgata.
886 2853 971 2934 Quid
981 2854 1116 2937 egerint,

101 2949 157 3035 qui
184 2952 347 3032 epistolam
370 2953 410 3015 ad
437 2951 635 3016 Cardinatem
662 2954 961 3037 Moguntinensem‚
993 2966 1118 3018 secreto

100 3050 261 3129 scriptam,
279 3073 352 3113 nee
384 3051 543 3116 Cardinali
574 3055 797 3131 reddiderunt,
825 3066 870 3118 ·et
903 3075 1001 3137 opera
1026 3064 1121 3136 typo-

101 3153 292 3231 graphorum
312 3155 522 3234 evulgarunt?
542 3145 627 3234 Quid
647 3156 730 3218 aliud
750 3155 884 3238 agebant
902 3154 970 3232 isti,
992 3156 1064 3231 nisi,
1084 3167 1121 3220 ut
1206 3224 1208 3231 ,

105 3249 233 3312 obsides
265 3252 416 3314 baberent
444 3275 485 3316 ex
508 3275 582 3330 me,
610 3278 651 3319 ne
669 3256 844 3320 resilirem?
873 3259 950 3318 Haec
969 3257 1122 3318 duntaxat

106 3349 244 3432 attingo,
279 3373 349 3433 quae
363 3352 529 3416 manifesta
555 3368 644 3431 sunt3
667 3378 802 3439 possem
831 3367 863 3418 et
889 3356 963 3419 alias
992 3374 1120 3418 narrare

102 3452 239 3528 fabulas,
269 3453 295 3514 si
323 3453 429 3515 libeat.
467 3455 547 3516 ltlud
568 3457 771 3535 deprehendo
791 3458 891 3519 terme
911 3457 942 3517 in
963 3456 1120 3533 omnibus,

103 3552 159 3635 qui
177 3574 247 3616 sese
275 3554 348 3617 huic
368 3554 499 3617 factioni
518 3555 686 3631 addixere,
722 3559 828 3640 quod,
854 3557 1120 3641 quemadmodum

104 3655 159 3738 qui
178 3654 210 3715 in
230 3678 343 3739 aquam
361 3656 483 3738 ‹leiapsi-
499 3666 584 3730 sunt,
618 3676 840 3738 quemcunque
859 3668 992 3738 possunt
1012 3678 1120 3738 arrep-

102 3767 168 3817 tum
189 3777 294 3819 secum
324 3759 507 3839 pertrabunt
527 3758 558 3818 in
578 3757 728 3833 exitium,
761 3761 853 3820 etiam
880 3757 908 3821 si
928 3757 1000 3841 quis
1020 3757 1122 3840 perie-

103 3854 260 3928 litantibus
282 3870 415 3924 conetur
431 3878 643 3933 succurrere,
678 3858 719 3919 ita
738 3857 788 3919 isti
808 3878 866 3937 per
886 3878 1011 3920 omnem
1032 3879 1123 3920 ocea-

103 3955 236 4031 sionom,
257 3978 467 4040 quoscunque
481 3970 622 4040 possunt,
639 3958 805 4019 involvere
821 3959 948 4020 student
963 3959 1123 4024 communi

104 4057 262 4136 periento,
286 4060 379 4119 etiam
398 4057 485 4133 iltos,
512 4080 569 4138 per
589 4080 670 4142 quos
691 4068 835 4138 poterant
854 4057 948 4120 eximi
969 4059 1121 4137 periculo.

103 4156 252 4238 Denique
283 4169 421 4238 exponat
449 4158 554 4220 nobis.
570 4160 745 4232 Hut-tenus,
775 4156 852 4239 quid
872 4157 1023 4233 senserit,
1049 4179 1121 4224 cum

103 4256 257 4318 scriberet
275 4259 341 4320 hee
357 4258 475 4322 verba:
505 4260 638 4333 „Nullos
660 4257 897 4321 librosscribes
919 4259 1075 4333 meliores,
1094 4258 1122 4323 si

104 4367 207 4419 tamen
227 4359 305 4424 ullos
319 4360 472 4439 scribes,“
492 4372 524 4423 et
536 4370 646 4442 postea
665 4369 761 4444 negot
777 4376 857 4436 esse,
877 4359 934 4443 qui
953 4359 986 4422 vi
1005 4376 1128 4423 eonem·
