2618 5108
144 827 225 958 212
427 837 470 912 In
494 835 646 912 Hieron.
671 835 892 912 Alcandrum

105 1056 108 1061 ’
153 1013 321 1110 ciendam,
342 1024 511 1095 adversum
528 1050 634 1120 morea
655 1027 832 1094 tremebant
851 1029 978 1093 infense
994 1028 1092 1093 mariti.
1130 1028 1172 1092 tta

151 1141 276 1216 poterat
294 1132 404 1196 sentiri
421 1131 485 1212 jam
503 1131 684 1209 manifeste,
704 1154 774 1216 quae
792 1142 876 1195 esset
892 1132 1066 1194 animorum
1085 1151 1172 1194 com·

151 1236 270 1312 motio,
309 1244 345 1297 tu
372 1245 477 1296 tamen
507 1232 597 1316 quasi
626 1231 688 1294 illie
717 1232 913 1314 potissimum
940 1233 1171 1314 expurgatione

152 1357 234 1419 opus
254 1319 352 1410 esset,
381 1332 485 1397 multis
513 1332 666 1395 tractabas
694 1335 800 1395 iocum
826 1354 915 1409 eram,
946 1334 986 1395 ad
1012 1333 1172 1396 fastidiunt

149 1458 253 1522 usque
273 1434 484 1510 audientium,
504 1432 562 1498 sed
580 1443 664 1495 tanta
680 1454 749 1497 cum
769 1435 894 1509 fiducia,
911 1445 946 1496 ut
961 1436 1051 1514 piane
1065 1424 1185 1495 certus

149 1537 208 1601 tib'i
229 1556 299 1600 esse
318 1535 490 1612 videreris,
510 1533 667 1598 neminem
681 1535 872 1618 intelligere,
894 1556 987 1618 quam
1006 1535 1172 1614 impudenss

148 1648 199 1700 ter
222 1636 268 1699 ihi
287 1634 462 1699 mentireris
483 1636 596 1697 omnia.
642 1637 699 1696 ltto
718 1635 802 1698 enim
820 1645 894 1715 post
912 1636 1006 1697 muita
1026 1633 1168 1714 erupisti,

148 1749 185 1801 ut
210 1736 251 1800 ad
271 1735 497 1799 nobilissimum
517 1734 692 1812 Comitum,
722 1736 778 1816 qui
805 1746 837 1798 te
857 1735 982 1816 penitus
1009 1735 1168 1816 ignorant,

147 1850 181 1900 et
200 1838 290 1921 quod
302 1848 343 1899 tu
361 1836 446 1900 haud
464 1835 536 1899 satie
556 1839 656 1912 nosti,
690 1857 808 1919 genus,
840 1835 995 1918 originem
1014 1846 1098 1898 tuam
1118 1858 1169 1899 re·

147 1939 260 2003 ferrea.
308 1936 372 2000 Sed
402 1949 438 1999 ut
464 1934 507 1999 sis
528 1949 563 1999 tu
589 1933 659 2016 ejus
680 1935 824 2019 generis,
856 1937 952 2010 vela)
981 1937 1168 2020 antiquioris

147 2039 249 2102 adhuc
264 2038 380 2112 multo,
401 2046 434 2097 et
446 2035 554 2099 vincas
570 2036 730 2099 nobilitate
746 2057 857 2118 reges,
878 2034 955 2117 qnid
970 2055 1042 2098 cum
1061 2047 1169 2099 nostra

145 2136 290 2231 iibertp‘te
303 2137 360 2227 tihi
372 2154 509 2219 nequam
521 2137 636 2212 homo,
658 2156 751 2219 quam
764 2138 978 2215 proculcatum
992 2137 1168 2199 advenisti?

149 2238 229 2323 quid
245 2249 319 2300 cum
333 2235 421 2298 libris
435 2244 467 2299 et
481 2235 595 2313 literis,
617 2257 686 2319 quae
704 2236 861 2316 perditum
883 2236 981 2310 adesi
1000 2232 1079 2298 Tam
1098 2257 1168 2300 sor·

144 2339 250 2401 didam
268 2335 536 2418 negotiationem,
575 2335 746 2416 praesertim
782 2335 908 2398 sceleris
941 2347 972 2399 et
1000 2336 1167 2418 impietatis¹

143 2440 282 2521 plenam,
297 2447 446 2499 tractare
467 2436 558 2499 decet
583 2436 742 2499 hominem
760 2435 922 2498 nobilem?
953 2437 992 2498 ad
1011 2439 1103 2499 tatem
1122 2439 1167 2500 le-

144 2538 306 2622 gationem
327 2537 444 2599 offerre
464 2556 515 2613 se,
544 2535 599 2599 ubi
619 2535 744 2598 veritati
762 2537 852 2597 locus
871 2556 932 2597 non
951 2537 1010 2612 sit,
1040 2537 1166 2601 mentiri
1224 2594 1226 2598 .

144 2638 250 2701 omnia
270 2636 439 2720 oporteat?
471 2638 549 2719 Quae
575 2636 633 2698 tibi
659 2647 744 2698 tanta
772 2654 852 2698 vero
879 2636 1006 2701 incessit
1022 2639 1165 2718 pecuniae

143 2738 227 2814 aitis,
261 2750 294 2801 ut
314 2737 502 2820 optimarum
521 2738 679 2799 literarum
698 2737 820 2812 studia,
850 2758 919 2821 qua
939 2736 999 2800 nisi
1018 2737 1166 2823 fuissent,

141 2851 177 2902 tu
196 2839 280 2902 fame
300 2837 447 2922 periisses
468 2838 563 2899 multo
585 2849 673 2912 ante,
701 2837 753 2898 viii
773 2839 921 2900 mercede
940 2837 1166 2920 persequaris?

141 2940 234 3002 Hanc
254 2938 291 3000 iis
311 2939 441 3020 gratiam
466 2936 592 3015 reddis,
623 2959 692 3021 quae
712 2937 804 3000 toties
825 2938 978 3000 esurienti
1006 2938 1063 3001 tibi
1089 2939 1166 3001 sub·

142 3038 317 3101 venerant?
338 3041 416 3117 Quae
431 3036 561 3119 inopem
578 3048 610 3097 te
626 3048 658 3098 et
671 3037 851 3100 destitutum
866 3035 951 3116 (narn
967 3049 1043 3100 tunc
1056 3060 1164 3105 comcs

140 3158 207 3199 non
224 3158 310 3213 eres,
330 3156 436 3219 neque
457 3137 572 3201 nobilis
594 3137 709 3218 opinor
728 3158 814 3215 eras,
834 3140 893 3201 nisi
914 3151 1066 3223 quaestum
1081 3142 1165 3205 arbi·

139 3236 302 3299 trahantur
320 3237 478 3312 homines,
507 3237 632 3299 Judaici
652 3237 793 3320 generis)
815 3250 1043 3303 conservarunt
1062 3242 1164 3304 et'io·

140 3347 267 3400 verunt.
318 3333 432 3400 Omnia
462 3336 559 3399 debes
591 3336 704 3413 literis,
747 3351 780 3400 et
809 3340 919 3402 literas·
947 3343 1161 3426 persequeris.

141 3436 227 3521 Quid
248 3436 326 3519 fingi
345 3446 450 3518 potest
470 3437 527 3497 hac
543 3435 769 3519 ingratitudine
790 3438 957 3503 odiosius?
976 3443 1080 3505 Etiam
1095 3444 1162 3506 ¹hoc

141 3539 231 3623 quod
252 3537 334 3601 inter
354 3536 517 3600 Pontifieis
537 3539 715 3602 adulatores
735 3541 927 3616 numeraris,
956 3543 1048 3625 (quid
1076 3544 1161 3607 enim

139 3639 225 3701 atiud
243 3639 365 3700 vocabo
385 3639 417 3699 id
439 3636 601 3699 ministerii
612 3636 639 3711 i)
659 3637 817 3703 literarum
836 3653 884 3701 cst
902 3642 1108 3717 beneficium,
1128 3655 1161 3705 et

138 3749 242 3798 tamen
259 3726 386 3798 ¹moliris
411 3735 582 3818 perniciem
603 3739 709 3801 literis.
748 3741 819 3803 Jam
838 3741 921 3802 enim
942 3745 1073 3804 maritum
1092 3763 1160 3805 uon

138 3856 270 3921 quaero,
298 3834 332 3897 in
352 3836 488 3898 animum
506 3839 672 3919 qaromodo
693 3840 845 3904 inducere
864 3842 1024 3922 potereris,
1046 3854 1081 3904 ut
1101 3864 1160 3924 op·

138 3958 262 4019 pugnes
295 3936 474 4012 veritatem,
511 3940 737 4015 Evangeiium,
765 3959 797 4003 et
825 3942 929 4024 ipsum
956 3942 1160 4023 pertinaciter

139 4036 301 4099 Christum
321 4048 356 4099 ut
378 4058 555 4118 oppugnes.
604 4042 717 4122 Neque
744 4043 827 4104 enim
854 4056 929 4123 puto
957 4045 1083 4105 viveres
1109 4055 1155 4119 tu,

138 4135 197 4199 nisi
214 4137 359 4216 pejerare
378 4138 492 4212 scireS,
513 4149 545 4200 et
562 4139 665 4200 Deum
682 4161 751 4202 esse
769 4163 835 4203 non
857 4146 1017 4206 crederes.
1055 4144 1157 4204 Vides

136 4259 186 4302 me
200 4248 275 4298 notu
292 4237 449 4300 inculcare
466 4237 546 4300 tibi?
564 4240 631 4300 Aut
648 4240 816 4304 intantum
835 4243 909 4305 niisd
926 4266 1024 4327 agere
1044 4245 1076 4306 in
1099 4247 1156 4306 hec

135 4387 360 4402 -Ψ-ῄ-

171 4447 200 4514 ⁴)
221 4456 261 4501 Bai
280 4449 328 4502 cel
343 4461 494 4517 antiquioris
503 4470 514 4504 .·
532 4457 690 4506 nutemrtictre
709 4459 897 4519 verbeaserung.
