2618 5108
162 835 230 908 152
475 829 645 905 Monitor
685 831 881 915 secundus.

556 1022 810 1087 Franciseus.

234 1127 328 1207 Quos
347 1135 384 1187 tu
403 1144 469 1187 non
488 1134 596 1207 putas,
617 1123 657 1187 ab
676 1125 807 1189 auribus
822 1123 912 1188 bene·
920 1122 1108 1188 instituendi
1126 1123 1191 1203 jam

154 1227 312 1309 Principis
333 1225 583 1289 abstrahendos?
610 1236 643 1289 et
668 1246 709 1287 ne
735 1227 790 1290 bas
808 1246 869 1290 suo
888 1244 1016 1290 veneno
1036 1225 1189 1307 inficiant,
1281 1264 1284 1271 ·

128 1336 132 1343 '
152 1328 226 1413 lege
245 1349 282 1391 ae
298 1327 480 1412 legionibus
500 1326 715 1411 effugandos?

575 1459 771 1523 Monitor.

121 1641 123 1645 ‚
228 1561 366 1625 Posthac
383 1560 504 1643 putabo
524 1583 666 1642 semper3
694 1581 802 1645 neque
821 1581 962 1645 unquam
985 1563 1095 1647 lingua
1114 1563 1189 1640 erit,

154 1684 220 1749 qna
248 1662 307 1726 tibi
333 1663 502 1741 suadeam,
529 1685 549 1729 a
570 1661 707 1726 Lutheri
740 1662 875 1725 tuitione
903 1665 957 1725 vel
979 1663 1133 1728 tantillum
1152 1679 1191 1728 ut

151 1767 308 1833 discedas.

251 1859 257 1871 ¹
544 1880 798 1946 Franciscus.

239 1985 357 2069 Neque
386 1982 558 2048 discedam.
607 1981 676 2045 Iuro
707 1993 743 2045 ut
769 1979 866 2058 scias,
905 2003 975 2067 quae
1008 2005 1098 2048 mens
1134 1983 1187 2062 sit,

150 2087 252 2173 magis
284 2107 321 2151 ac
351 2086 450 2170 magis
476 2086 517 2148 ad
542 2085 723 2147 conandum
752 2083 818 2144 haec
844 2093 956 2147 aestuo.
1003 2084 1190 2149 Peracuuut

152 2191 239 2256 enim
274 2201 388 2272 pectus
427 2187 501 2250 milri
535 2185 725 2270 quotidianae
759 2184 894 2246 istorum
927 2185 1188 2266 machinationes,

150 2290 268 2377 quibus
290 2288 434 2354 scelerati
452 2288 629 2351 nebulones
653 2287 834 2348 convellere
859 2285 958 2348 sancti
978 2289 1040 2349 viri
1060 2298 1187 2360 statum,

150 2414 189 2457 ac
207 2392 372 2473 publicum
401 2388 556 2470 impedire
579 2389 721 2461 bonum,
753 2396 920 2448 conantur.
970 2389 1079 2469 Quare
1109 2388 1188 2453 nihil

150 2492 311 2567 omittam,
351 2490 441 2574 quod
469 2489 599 2574 quidem
631 2489 671 2550 ad
702 2508 769 2550 rem
798 2486 957 2549 facturum
985 2489 1187 2570 existimabo,

150 2613 219 2677 quo
244 2591 317 2655 fieri
344 2591 458 2673 possit,
494 2603 530 2653 ut
561 2589 748 2673 aliquando,
783 2586 877 2651 bonis
920 2589 1095 2674 perniciem
1129 2592 1189 2677 qui

148 2692 342 2770 moliuntur,
362 2694 442 2755 male
461 2691 521 2774 ipsi
541 2702 684 2773 pereant.

577 2825 770 2889 Monitor.

224 2927 354 2994 Utinam
373 2929 437 2990 liat.

543 3058 798 3124 Franciseus.

225 3161 338 3243 Sperat
357 3160 487 3244 quidem
507 3160 648 3236 animus,
678 3182 744 3244 quo
766 3163 909 3239 eveniat,
941 3162 1012 3225 Diis
1037 3162 1071 3226 in
1090 3183 1188 3228 mann

147 3271 207 3328 est.
255 3261 375 3324 Carolo
404 3273 527 3337 eastern,
556 3262 656 3343 magis
678 3262 838 3345 obsequar
865 3274 901 3325 ut
918 3262 1056 3343 prosim,
1091 3286 1187 3348 quam

149 3374 187 3429 ut
205 3364 356 3449 placeam.
408 3361 447 3425 ld
477 3374 540 3438 est,
567 3364 703 3426 libenter
734 3363 837 3425 invito
873 3364 1032 3444 prodero,
1063 3365 1187 3428 nolenti

147 3467 329 3540 consulam,
361 3486 398 3526 ae
425 3463 580 3527 nescienti
611 3465 731 3526 bonurn
757 3465 889 3527 dedero.
936 3466 1017 3528 Nam
1044 3486 1115 3529 mea
1139 3466 1187 3527 sic

146 3565 212 3632 lert
240 3565 343 3641 ratio,
376 3577 413 3629 ut
444 3564 640 3639 existimem,
667 3564 694 3626 si
721 3567 814 3646 plane
841 3565 926 3628 haud
952 3566 1084 3644 scirem,
1107 3567 1188 3651 quid

149 3669 254 3751 prosit
273 3668 331 3744 illi,
358 3665 494 3729 divinari
515 3664 714 3745 oportuisse,
750 3686 822 3727 cum
855 3666 889 3730 id
919 3677 1042 3748 pateat,
1067 3670 1185 3730 nullam

145 3766 219 3833 iore
239 3768 314 3830 olim
338 3766 595 3842 excusationem,
618 3766 708 3849 quod
727 3764 910 3844 nocuerim,
930 3788 1004 3830 cum
1031 3769 1185 3851 prodesse

146 3889 286 3953 possem.
327 3870 435 3946 Quare
455 3868 619 3930 decretum
639 3878 704 3944 est,
724 3866 831 3950 siquid
851 3868 998 3933 acerbius
1017 3869 1076 3932 hac
1095 3868 1128 3931 in
1149 3887 1185 3930 re

146 3968 294 4054 jusserit,
315 3970 523 4030 vehementer
541 3968 697 4046 abnuere;
718 3970 746 4033 si
765 3970 956 4052 pertinacius
969 3968 1184 4055 imperaverit,

151 4073 255 4154 palam
274 4071 464 4134 detrectare.
508 4070 589 4133 Nam
615 4073 713 4133 multo
743 4071 843 4154 magis
869 4073 1074 4153 spectandum
1101 4068 1185 4134 arbi·
1289 4122 1293 4129 .

150 4182 238 4247 troc,
258 4172 348 4236 Deus
371 4172 449 4255 quid
469 4172 560 4248 velit,
583 4195 679 4257 quam
696 4173 877 4235 hominibus
898 4173 976 4256 quid
995 4174 1029 4235 in
1046 4183 1185 4237 meatem

148 4275 275 4350 veniat,
295 4275 468 4354 praesertim
485 4274 601 4338 veritas
616 4295 688 4337 cura
703 4287 814 4357 agatur
831 4273 899 4350 hic,
919 4286 951 4336 et
962 4273 1184 4357 Evangelium.

147 4375 187 4439 In
210 4374 288 4439 istos
307 4397 387 4438 vero
406 4387 620 4456 praeposteros
639 4378 857 4451 consultores,
884 4375 1101 4439 inimicissimis
1122 4396 1181 4438 ero

148 4493 280 4559 semper
303 4477 393 4541 laetis
413 4489 445 4540 et
453 4477 575 4555 animo,
597 4496 705 4562 neque
722 4498 864 4562 unquam
881 4479 956 4553 fiet,
976 4489 1014 4541 ut
1028 4478 1061 4541 iu
1078 4475 1181 4541 socie·
