2618 5108
812 440 816 449 ι

636 1422 678 1500 C.

406 1623 605 1701 Ulrichi
653 1584 873 1701 Hutteui

144 1823 192 1885 nd
222 1787 482 1903 precedens
511 1817 625 1882 Helii
656 1816 822 1882 Eobeni
851 1819 974 1887 Hessi
1004 1794 1171 1894 carmen

493 1933 828 2018 Responsorium.

143 2238 242 2359 Edita
259 2298 391 2354 sollicito
411 2316 465 2370 per
482 2307 512 2353 te
529 2298 729 2356 Exhortatio
749 2316 840 2356 versu

247 2395 275 2450 Si
294 2393 419 2460 scisses,
437 2392 488 2463 qui
506 2392 583 2461 sim,
601 2393 681 2447 nulla
700 2394 884 2452 futurnaefuit.

144 2492 241 2550 Grata
260 2490 304 2544 e'st
321 2488 375 2541 ista
394 2497 514 2554 tamen,
532 2497 632 2541 vantur
653 2488 878 2558 pulcherrime,
893 2496 981 2559 grate
995 2494 1040 2547 esi

248 2581 323 2657 Qun
338 2592 370 2634 te
387 2595 443 2652 pro
463 2578 557 2651 patria
574 2578 748 2637 sollicitudo
766 2589 856 2640 tenet.

141 2677 222 2735 Nam
242 2675 349 2742 video,
371 2690 430 2727 nec
447 2672 545 2727 adhuc
564 2680 671 2729 omnes
688 2674 804 2729 servire
823 2682 943 2747 paratos
949 2694 961 2744 3

246 2769 316 2824 Nec
334 2766 453 2839 penitus
470 2764 592 2819 monitis
609 2782 658 2821 me
676 2767 829 2839 peperisse
847 2767 935 2823 nihil.

144 2861 235 2940 Quod
254 2860 360 2932 Superi
380 2859 491 2925 faxint,
510 2868 539 2913 et
557 2858 606 2914 cni
625 2876 694 2915 mea
711 2877 785 2916 cura
803 2860 924 2917 laborat

245 2955 401 3020 Christus,
418 2961 451 3006 ut
470 2951 533 3006 hoc
551 2968 658 3008 omnes
676 2954 810 3011 adsiliunt
825 2954 938 3012 naimo.

135 3050 233 3107 ,Tunc
256 3054 331 3117 ego,
350 3046 461 3102 tentavi
481 3047 532 3118 qui
550 3046 742 3102 hortantibus
760 3048 862 3104 omnia
880 3047 1003 3121 verbis,

245 3142 297 3198 Nil
318 3142 493 3196 intentatum
512 3156 606 3211 reque
624 3156 774 3212 manuque
792 3140 900 3219 sinant.

140 3236 182 3295 Et
199 3253 292 3310 quem
309 3245 342 3288 tu
359 3249 481 3306 speras,
500 3234 601 3288 lacere
618 3235 681 3291 hoc
700 3235 797 3291 lausto
816 3235 918 3291 omine
935 3236 1052 3298 bellum

246 3328 345 3384 Posse
363 3327 493 3394 ducem,
509 3326 533 3381 si
552 3325 615 3381 non
632 3327 695 3383 hoc
714 3345 789 3397 ero,
806 3330 894 3385 miles
911 3347 978 3388 ero.

139 3422 198 3481 sed
215 3422 308 3478 video
318 3460 329 3490 ,
356 3420 457 3476 sociae
474 3419 631 3491 trepidanti
649 3430 774 3493 pectore
793 3422 873 3478 vires

245 3517 379 3587 Impete,
409 3531 500 3587 quam
528 3514 654 3583 doceat,
683 3515 869 3585 languidiore
897 3517 994 3587 sequi.

140 3610 251 3671 Omnia
272 3609 410 3664 conabor
427 3618 547 3676 tamen,
572 3617 619 3677 et,
638 3624 699 3680 quo
720 3625 769 3663 me
788 3609 883 3664 semel
904 3609 967 3679 egi,

242 3703 408 3761 Persistam
417 3721 428 3771 3
446 3702 555 3774 coeptis
573 3701 790 3773 immoriarque
808 3701 895 3758 meis.

141 3796 232 3868 Neo,
250 3797 288 3852 de
306 3814 368 3869 quo
388 3796 555 3851 abscedunt
573 3795 730 3867 conjurata
747 3793 863 3865 agmina
881 3793 1006 3866 passim,

246 3891 345 3968 Quem
362 3888 449 3945 multi
468 3904 551 3945 cessa
569 3889 731 3945 deseruere
748 3888 817 3945 lide.

141 3982 292 4045 Deseram
312 4000 402 4057 opem
422 3983 545 4054 patriae,
563 3991 593 4037 et
609 3999 666 4055 pro
684 3982 821 4039 libertate
839 3981 974 4050 ruendo,

244 4077 374 4137 Publica
393 4076 516 4131 tutabor
533 4076 674 4145 sauguine
690 4077 760 4145 jure
776 4092 859 4131 meo.

141 4172 238 4251 Quod
255 4181 404 4246 potuere,
423 4170 506 4225 loves
523 4178 610 4224 tenus
624 4169 683 4224 hac
703 4172 805 4224 fecero
822 4167 926 4228 libelli.

245 4268 315 4324 Nec
332 4267 434 4339 patriae
452 4274 590 4320 nostrum
609 4263 702 4319 defuit
722 4262 886 4338 ingenium.

139 4361 235 4422 Nunc
252 4377 330 4433 opus
348 4371 394 4421 est
412 4376 522 4431 capere
540 4375 642 4425 erma,
661 4374 752 4414 manu
770 4373 860 4412 ruere
879 4354 970 4413 obice
987 4352 1085 4411 bello.

244 4454 293 4510 En
312 4453 417 4528 cepio,
440 4453 522 4509 nulle
538 4460 637 4524 ooepta
656 4450 795 4509 trahente
814 4464 912 4511 mora.
