2618 5108
203 793 276 880 tlt
450 800 528 891 Ott.
551 801 747 881 Brunsclsil
769 804 977 906 Responsio

200 1008 244 1057 aa
274 994 418 1079 plaustris
440 995 574 1081 'qtridem
589 995 801 1082 spongiarum
819 998 1015 1079 diluendam,
1034 1003 1167 1068 inustam
1181 1008 1222 1069 ab

201 1095 348 1160 Hutteno
368 1108 475 1160 notam
498 1097 588 1174 tibi,⁸
604 1097 665 1162 nisi
688 1097 864 1177 resipiscas.
912 1101 991 1164 Nam
1017 1106 1136 1167 trullum
1156 1107 1221 1169 erit

199 1196 374 1260 remedium
393 1194 494 1273 aliud,
513 1200 596 1262 nulla
615 1197 712 1263 berba
729 1197 900 1276 lullonum,
927 1220 996 1284 quse
1017 1203 1133 1283 poterit
1151 1227 1218 1267 me.

199 1296 279 1360 deri.
328 1296 371 1360 Ut
399 1296 564 1377 resipiscas
591 1317 689 1373 vcro,
720 1307 780 1361 oro
809 1309 843 1362 ta
872 1299 905 1360 in
932 1299 1106 1365 visceribus
1136 1306 1216 1369 Jcsu

199 1393 334 1459 Christi:
368 1397 455 1461 reler
474 1398 606 1481 pedena
625 1408 783 1461 memento
802 1409 935 1462 senecta
961 1411 1038 1478 tuac,
1058 1419 1217 1467 memento

162 1539 168 1552 ·
196 1497 375 1562 vocationis
406 1509 438 1560 ct
465 1498 571 1581 gratia
589 1497 647 1562 tibi
666 1498 783 1560 collata
803 1520 909 1563 coram
929 1512 989 1564 tam
1007 1503 1111 1568 multis
1131 1505 1224 1568 testi-¹

195 1595 273 1663 trust
305 1599 382 1660 Nam
402 1600 572 1662 admodum
590 1610 683 1680 turpe
703 1609 768 1675 est,
795 1599 930 1682 acceptis
949 1603 1057 1683 gratiis
1078 1605 1163 1666 abuti
1184 1604 1218 1668 in

172 1693 368 1783 'pernicicm
387 1699 544 1763 donantis.
579 1696 731 1763 Abuteris
750 1719 847 1775 vero,
866 1700 940 1764 dum
960 1723 1025 1764 non
1045 1705 1119 1766 totis
1141 1705 1218 1770 viri·

195 1803 256 1866 bus
274 1821 396 1882 pugnas
416 1820 476 1882 pro
495 1798 689 1882 Evangelio,
715 1799 790 1863 dum
809 1798 900 1879 juvas
920 1810 952 1863 et
972 1805 1139 1867 confirmas
1161 1806 1217 1871 ad·

194 1901 372 1979 ursarius,
391 1903 467 1965 dum
486 1899 651 1983 suspendis
671 1896 786 1963 animas
805 1903 991 1978 multorum,
1013 1925 1099 1986 quse,
1120 1906 1216 1970 simu·

193 2004 311 2069 baone
350 2003 490 2067 adducta
522 2013 593 2078 tua,
639 1999 764 2064 iuterim
797 2022 902 2085 neque
939 2005 1073 2066 credunt
1107 2028 1215 2090 neque

193 2098 396 2172 salvabunt.
445 2103 572 2167 Poteris
603 2102 702 2165 multo
727 2099 880 2179 majorem
898 2102 1030 2185 gloriam
1049 2120 1214 2187 reportare

192 2207 266 2272 binc
295 2209 337 2283 (si
356 2204 564 2288 prorsusslsic
591 2212 675 2266 esset
693 2200 855 2266 decretum
874 2204 1003 2286 gloriari
1011 2206 1035 2280 ,)
1057 2228 1150 2289 quam
1171 2207 1213 2282 ab

191 2313 249 2376 bac
279 2310 356 2372 falsa
380 2317 413 2371 et
438 2305 580 2368 simulata
603 2301 737 2367 amicitia
765 2304 928 2369 bomimm
958 2307 1211 2386 desperatorum,

192 2411 249 2496 qui
268 2410 381 2473 volunt
411 2407 498 2471 abuti
523 2404 704 2490 eloquentia
732 2415 802 2480 tua,
833 2417 868 2468 ut
900 2405 934 2467 in
963 2406 1128 2470 autoritate
1156 2420 1213 2473 tua

166 2499 378 2598 ‘'gloriemur.
416 2509 572 2573 Praeterea
589 2510 688 2571 multo
707 2505 801 2568 etiam
819 2503 1017 2586 digniores,
1038 2527 1132 2590 quam
1152 2512 1212 2593 qui

190 2615 230 2680 iis
258 2614 373 2679 debeas
401 2607 608 2694 patrocinari,
641 2626 779 2690 quorum
803 2607 967 2686 desperata
992 2620 1065 2671 suut
1093 2610 1211 2672 omnia.

189 2719 263 2804 Age
279 2720 400 2791 solum,
426 2713 510 2775 nulla
527 2706 788 2791 ignominiaest,
807 2705 840 2769 in
859 2728 895 2769 re
914 2706 999 2788 turpi
1018 2709 1212 2792 obsequium

190 2823 385 2892 detrectare3
413 2814 533 2877 nullum
560 2808 719 2883 dedecus,
746 2805 925 2889 profugere,
939 2811 991 2870 rel
1009 2808 1209 2873 dissimulare

97 2981 99 2985 .
130 2987 133 2992 ,
188 2924 229 2988 ad
247 2927 389 3002 ternpus,
410 2915 438 2980 si
456 2914 565 2976 denuo
585 2906 795 2992 pugnaveris:
816 2918 849 2970 et
868 2909 948 2971 adeo
970 2930 1036 2970 non
1056 2909 1211 2990 cogitabi·

187 3042 257 3086 mus
277 3019 400 3085 hostilia
417 3017 451 3080 iu
469 3026 519 3092 te,
539 3021 574 3074 ut
592 3030 658 3074 non
671 3007 790 3088 pudebi
800 3007 907 3071 tetiam
925 3019 1097 3084 recantare,
1119 3008 1208 3091 quic-

189 3122 267 3207 quid
286 3139 424 3204 unquam
451 3112 650 3179 commissum
675 3119 722 3170 est
747 3107 850 3184 inte,
882 3110 934 3171 vel
953 3109 1122 3184 hostiliter,
1153 3110 1206 3171 vel

76 3278 78 3282 ,
186 3222 354 3308 probrose.
413 3218 510 3302 Quod
548 3214 576 3279 si
610 3223 713 3276 sutem
742 3207 775 3272 in
811 3208 980 3290 proposito
1020 3208 1206 3289 perstiteris,

186 3327 299 3393 malum
319 3323 400 3384 malo
431 3318 669 3401 adglomerans,
700 3330 741 3372 ne
766 3331 825 3374 nos
856 3329 988 3393 quoque
1014 3309 1206 3372 cessabimus

188 3427 357 3494 reclamare
383 3433 414 3486 et
451 3417 545 3484 reniti
570 3417 603 3479 iu
634 3414 747 3478 faciem
776 3409 849 3487 tibi,
879 3410 953 3473 nibil
982 3409 1076 3471 veriti
1100 3429 1208 3492 neque

181 3507 272 3594 ¹tuam
285 3523 506 3609 eloquentiam,
526 3536 632 3602 neque
641 3514 835 3596 magnificam
847 3512 927 3574 illam
939 3511 1023 3592 apud
1033 3510 1207 3572 Pontifices

115 3687 118 3694 .
188 3627 449 3695 existimationem
470 3634 563 3684 tuam.
602 3620 643 3681 Et
661 3614 839 3699 tequidem
857 3609 1030 3687 audiemus,
1051 3610 1217 3673 desloma-.

88 3709 91 3717 i
176 3734 344 3805 ¹chantem,
378 3724 635 3796 rhetoricantem,
667 3717 833 3796 jacientem
860 3715 1008 3794 ampullas
1033 3711 1209 3774 verborum

167 3808 272 3898 'ultro
299 3831 459 3912 citroque,
482 3823 597 3886 amicos
623 3818 791 3896 jactantem
810 3825 842 3876 et
861 3811 1045 3890 Principum
1064 3813 1208 3894 gratiam,

186 3936 346 4000 ludentem
366 3939 397 3989 et
411 3920 627 4009 perjucantem
640 3940 712 3995 cum
725 3914 887 3996 scripturis
905 3913 1035 3988 sanctis,
1056 3913 1209 3975 nitentem

138 4093 141 4100 .
170 4034 352 4097 'conlracto
372 4030 485 4093 baculo
510 4021 669 4106 Aegypti,
695 4018 770 4080 nihil
790 4039 851 4079 non
871 4017 1095 4077 calumniarum
1113 4031 1208 4094 rege·

186 4147 318 4211 rentem,
340 4130 568 4197 suffulcientem
581 4142 691 4187 muros
706 4116 887 4198 Babylonis,
911 4128 942 4182 et
955 4118 1120 4195 collapsam
1137 4134 1207 4175 rem

166 4242 297 4306 Romae
328 4235 569 4303 instaurantem,
601 4223 841 4303 triumphantem
875 4219 908 4281 in
941 4217 1085 4278 curribus
1119 4228 1152 4278 et
1172 4215 1207 4274 iu

189 4339 291 4423 equis.
337 4337 405 4398 Nos
424 4349 502 4391 vero
521 4327 554 4389 in
580 4322 709 4389 nomine
727 4318 855 4385 Domini
875 4318 937 4382 Dei
955 4321 1055 4382 nostri
1076 4321 1207 4382 irsvoea·

188 4443 309 4516 bimus,
341 4434 550 4516 dabimusque
570 4448 716 4511 operam,
748 4433 782 4487 ut
811 4440 906 4504 quam
924 4421 1058 4483 maxime
1078 4443 1154 4484 vera
1173 4432 1207 4483 ct
