2588 5048
186 743 267 823 :sss
365 695 370 705 ’
456 740 638 815 sunctum
661 738 805 816 smmi
828 737 952 812 Alteri

164 950 312 1014 prava,
341 941 374 996 ct
402 932 489 997 nnnc
517 933 624 997 multis
648 933 752 997 modis
778 928 1061 1016 perniciosissima,
1088 923 1228 1008 pudebit

199 1032 282 1100 illius
310 1044 344 1097 et
373 1032 472 1096 filiurn
500 1033 637 1099 bominis
648 1080 650 1085 2
662 1053 770 1097 coram
787 1034 884 1098 Patre
903 1030 1045 1095 rualeni*
1071 1074 1074 1078 »
1097 1029 1227 1092 Durum

189 1131 348 1207 morbum,
370 1134 429 1196 sed
451 1132 592 1209 salubre,
614 1131 730 1218 quibus
749 1134 856 1199 datum
874 1144 923 1196 est
938 1135 1150 1215 cognoscere!
1173 1131 1227 1193 ln·

188 1232 293 1300 terim
307 1234 457 1296 Erasmus
469 1225 895 1319 rdblanditursibi,'vult‹pre
906 1232 1227 1317 egregicprofecisse
1277 1244 1284 1255 “

70 1380 75 1391 ,
188 1353 256 1410 se,
282 1333 358 1396 dum
377 1335 582 1416 paraphrases
607 1333 715 1396 condit
740 1355 840 1398 caecas
868 1344 1051 1416 mutesque,
1076 1333 1226 1418 adeoque

188 1431 330 1496 :uidetur
349 1432 556 1523 satisfecisse,
582 1434 659 1497 dum
684 1434 797 1500 leniter
826 1445 861 1499 et
889 1434 930 1499 od
960 1432 1081 1496 literam
1100 1432 1227 1516 attingit

189 1533 405 1615 ¹livangelicas
421 1534 537 1599 literas.
577 1534 756 1612 Ceterum,
775 1534 891 1598 nonin
911 1554 1060 1599 sermone
1073 1533 1226 1597 consistit

58 1670 60 1672 v
189 1654 336 1717 regnum
353 1634 434 1710 Dei,
455 1636 512 1698 sed
530 1633 565 1696 in
583 1633 734 1718 potentias
772 1635 915 1700 Proinde
931 1638 996 1700 hec
1014 1645 1083 1698 esto
1104 1655 1227 1699 summe

202 1735 316 1818 judicii
337 1736 406 1800 -rnei
427 1738 468 1798 de
497 1735 656 1820 utroque:
684 1736 845 1801 Lutberus
872 1738 945 1814 ille,
977 1735 1070 1815 cuim
1105 1753 1226 1796 nomen

189 1837 282 1900 adeo
303 1836 423 1918 refugit
441 1839 611 1913 Erasmus,
644 1837 715 1918 plus
743 1838 837 1901 habet
852 1856 935 1900 sanae
956 1833 1225 1918 Evangelicasque

142 1928 144 1934 ¹
189 1937 351 2003 doctrinar
382 1937 416 2000 in
434 1958 500 2001 uno
522 1937 626 2021 (quod
645 1935 747 2014 ajunt)
767 1936 918 2019 digitulo,
953 1956 1048 2022 quam
1071 1937 1224 2001 Erasmus

189 2037 236 2104 in
254 2050 324 2102 toto
342 2049 475 2120 pectore
493 2058 572 2113 ruo,
605 2037 706 2113 adde,
738 2038 766 2101 si
785 2037 879 2113 libet,
911 2046 944 2098 et
962 2036 1075 2119 capite.
1112 2037 1224 2120 Atque

188 2140 263 2206 boc
295 2128 453 2204 infelicior
482 2140 649 2215 Erasmus,
689 2157 756 2223 quo
789 2136 891 2201 minus
912 2143 997 2200 Crem
1026 2137 1070 2200 ita
1106 2136 1224 2201 babere

189 2239 357 2323 intelligit.
395 2241 528 2303 Erasmo
548 2239 714 2302 tribuimus
734 2237 859 2300 laudem
877 2237 1081 2320 eloquentiae,
1111 2248 1224 2319 prete-

191 2359 256 2404 ·rea
272 2339 367 2414 nihil;
388 2340 552 2417 Lutbero,
567 2350 641 2422 post
654 2339 804 2414 Paulum,
826 2337 989 2401 meliorem
1009 2338 1042 2400 in
1058 2342 1223 2403 tractando

191 2437 440 2503 {christianismo
472 2458 540 2502 non
571 2415 718 2503 vidimus.
766 2439 890 2501 Verum
916 2437 1083 2522 utriusque
1103 2441 1224 2503 donum

190 2538 312 2605 divino
345 2559 423 2622 erga
453 2559 513 2601 nos
543 2539 658 2602 favore
675 2550 838 2621 acceptum
851 2538 1035 2614 referimus3
1071 2542 1223 2603 Erasmus

191 2639 319 2705 ,uindex
339 2650 387 2704 cst
404 2638 613 2720 eloquentie,
634 2638 853 2703 invictissimus
866 2642 1068 2722 propulsator
1086 2643 1223 2705 sordide

189 2739 373 2818 barbarici,
409 2760 589 2823 perquam
617 2738 688 2802 lere
716 2738 833 2802 lactum
861 2750 931 2815 ert,
959 2751 995 2802 ut
1019 2741 1223 2825 Theologice

191 2842 300 2906 iliterre
319 2841 412 2906 siurul
429 2862 502 2903 cum
521 2838 703 2921 eloquentia
727 2839 957 2903 obsoleverint:
983 2842 1063 2904 hanc
1086 2842 1225 2906 restituit

191 2945 363 3019 Erasmus,
377 2943 458 3004 illam
470 2942 632 3004 Lutherus
643 2963 652 3014 ;
665 2940 786 3004 tametsi
796 2943 945 3004 Erasmus
959 2942 1089 3023 primam
1099 2942 1224 3006 dederit

190 3065 306 3106 ensem
326 3041 524 3107 restituendae
543 3039 744 3123 Theologiar,
763 3041 822 3105 sed
840 3062 925 3104 nunc
943 3042 977 3103 in
992 3043 1125 3121 gratiam
1140 3064 1223 3106 sum·

192 3165 327 3209 :morum
347 3144 535 3224 Principum
557 3143 685 3223 cogitur
712 3141 893 3206 ratlandus.
931 3143 1042 3225 ltaque
1063 3144 1224 3206 Lutherus

192 3246 323 3310 ¹vindere
336 3255 383 3307 est
399 3243 565 3326 Evangelii
581 3241 826 3327 Christi,‚,quod
845 3245 884 3305 ab
904 3243 1092 3326 impiissimis
1119 3255 1225 3323 tyran-

192 3346 251 3412 ·nis
271 3344 545 3428 spurcissimisque
566 3345 672 3426 porcis
691 3344 917 3426 Papisticarum
937 3365 1095 3428 nugarum
1114 3343 1226 3424 impie·

192 3459 365 3531 ‚statumque
391 3446 611 3510 tractatoribus
631 3445 784 3528 sophistis
814 3443 1009 3508 sordidatum
1038 3456 1225 3507 evacuatum

194 3562 269 3625 est,
298 3561 329 3612 et
349 3546 531 3612 miserrimis
543 3547 647 3611 modis
666 3548 841 3611 desolatum
856 3566 923 3608 non
939 3546 1008 3608 sine
1020 3546 1227 3608 inaestimabili

203 3651 301 3715 totius
323 3649 433 3712 mundi
451 3651 544 3710 mab.
581 3650 655 3710 Hoc
675 3646 777 3729 ipsum
796 3650 926 3723 malum,
958 3647 1057 3710 veluti
1075 3649 1225 3711 cordatus

203 3761 318 3827 Elias,
338 3748 647 3811 vindicatLutberus
665 3749 764 3810 atroci
783 3748 913 3831 quidem
932 3751 1067 3824 calamo,
1087 3750 1145 3811 sed
1165 3771 1225 3831 pro

202 3853 252 3916 rei
263 3849 438 3913 atrocitate.
475 3847 731 3921 Porru'alirasmo
748 3871 839 3912 secus
856 3849 984 3912 uidetur
998 3852 1225 3927 tentandam,

202 3950 350 4015 nimirum
375 3952 509 4013 bumana
527 3930 681 4031 sapientia
705 3950 818 4013 leniter
843 3960 875 4011 et
900 3953 1044 4014 modeste
1070 3952 1227 4032 attingen-

203 4053 263 4116 dos
282 4051 439 4113 sanctulus
457 4048 547 4112 istos.
584 4051 682 4132 Quod
700 4050 829 4132 quidem
846 4052 1039 4116 Erasmicum
1059 4054 1229 4116 consilium

201 4155 296 4237 quale
317 4152 371 4227 sit,
404 4149 481 4232 quis·
503 4171 579 4212 vere
599 4151 669 4231 pius
689 4173 755 4213 non
774 4153 887 4215 videt?
920 4155 1000 4216 Nam
1020 4155 1229 4235 quemadmo-

202 4255 280 4318 dum
310 4249 523 4316 stultissimum
550 4263 634 4314 esset
670 4251 752 4315 illius
779 4254 961 4329 consilium,
999 4255 1071 4337 qui,
1107 4256 1228 4318 oborto

202 4355 288 4420 forte
308 4350 431 4434 ingenti
447 4349 614 4431 incendio,
633 4354 775 4418 homines
792 4354 833 4425 ad
848 4355 1017 4438 sedandam
1030 4357 1229 4421 flammarum
