2618 5108
243 890 245 894 ·
329 847 502 921 adversus·
523 844 766 945 adsperginea
787 846 953 922 Hutteni.
1094 846 1168 922 ild

145 1048 227 1125 quite
245 1044 286 1103 'ad
306 1063 356 1104 me
376 1041 463 1102 dedit
482 1048 523 1101 ex
543 1038 721 1103 Milthusio.
760 1045 823 1106 Eas
842 1042 959 1123 legenti
979 1042 1064 1117 mihi,
1083 1043 1169 1105 forte

148 1142 280 1204 fortuna
309 1144 415 1205 aderat
441 1141 688 1221 Eppendorpius
708 1154 739 1206 et
758 1145 887 1208 Beatus.
937 1144 1020 1208 Cum
1038 1155 1169 1207 aetatum

144 1255 229 1306 essct
249 1244 287 1305 ad
307 1266 379 1306 eum
399 1246 520 1304 locum:
542 1243 678 1319 „Beate,
703 1245 846 1327 inquam,
867 1244 971 1308 hictu
992 1243 1115 1306 vocaris
1135 1243 1168 1304 iu

145 1343 211 1425 jus,
234 1368 314 1426 opus
335 1344 456 1407 esttibi
476 1348 636 1424 patrono.“
675 1344 724 1405 lbi
750 1347 867 1408 Beatus
900 1346 1039 1426 ingenue
1066 1344 1168 1406 fassus

146 1459 194 1506 est
214 1446 247 1508 id
268 1448 356 1528 quod
375 1467 425 1507 res
453 1454 536 1518 erat,
568 1463 602 1505 se
630 1443 703 1505 nihil
732 1466 872 1528 unquam
904 1445 1114 1524 significasse,
1136 1453 1169 1506 et

147 1568 206 1608 eur
224 1568 289 1608 non
309 1547 436 1608 fecisset
460 1543 613 1605 rationem
633 1544 781 1608 reddidit.
828 1549 877 1608 Ae
896 1557 968 1626 post
989 1567 1047 1626 per
1066 1545 1167 1607 otium

143 1670 212 1709 rem
242 1669 367 1709 omnem
392 1647 436 1708 sic
466 1645 557 1706 uobis
586 1646 753 1725 explicuit,
780 1657 816 1706 ut
835 1666 987 1726 cogerer,
1016 1645 1066 1709 hic
1086 1645 1168 1708 desi·

147 1748 260 1811 derare
281 1748 506 1827 simplicitatem
526 1747 607 1807 illam
628 1745 845 1807 Germanicam
865 1746 897 1807 in
916 1748 1076 1822 Hutteno‚
1110 1745 1167 1829 qui

145 1850 207 1910 hoe
221 1861 438 1929 argumentum
457 1848 620 1909 calliditate
640 1848 776 1929 quadam
792 1847 953 1922 affectarit,
975 1859 1009 1909 ut
1025 1848 1164 1925 haberet,

146 1970 213 2030 quo
250 1950 489 2010 calumniaretur
524 1968 624 2008 meam
659 1945 892 2009 conscientiam.
939 1949 1053 2031 Neque
1083 1949 1167 2010 enim

145 2050 244 2110 Beato
269 2048 438 2130 quicquam
464 2069 607 2108 seorsum
628 2058 680 2108 aut
698 2047 782 2108 serio
803 2049 976 2122 mundavit,
1003 2060 1058 2110 aut
1081 2047 1165 2127 ejus·

143 2148 232 2210 modi
269 2149 357 2228 (parad
398 2147 663 2228 operaepretium
698 2158 780 2209 esset
807 2168 857 2208 me
884 2148 976 2209 seire.
1013 2150 1167 2211 Tantum

146 2249 291 2309 omnihus
313 2247 367 2328 qui
389 2249 516 2308 aderant
536 2247 734 2309 audientibus
756 2246 868 2327 ajebat,
889 2270 1017 2311 menon
1030 2250 1164 2332 perinde

144 2350 253 2411 lavere
276 2350 436 2422 Luthcro;
469 2348 502 2409 id
526 2348 789 2428 interpretabatur
807 2360 938 2422 metum,
966 2351 1164 2433 dicebatque,

144 2473 179 2514 se
205 2450 279 2510 mihi
307 2451 443 2510 ausimum
473 2449 662 2510 additurum.
709 2452 759 2511 Ae
789 2461 861 2528 post
887 2449 996 2512 similia
1024 2454 1166 2535 quaedam

143 2550 299 2614 maculavit
316 2550 374 2624 illi,
397 2572 469 2612 cnm
491 2561 654 2630 putaretur
670 2549 822 2612 Basileam
850 2550 1059 2632 repetiturus,
1089 2551 1164 2616 nihil

142 2651 267 2715 iuterim
287 2651 448 2725 minitans,
481 2662 533 2713 aut
552 2653 644 2713 ullam
668 2651 928 2733 significationem
956 2654 1031 2715 dans
1051 2654 1112 2715 stili
1131 2653 1165 2715 in

144 2773 195 2815 me
214 2752 358 2814 acuendi.
407 2754 456 2814 Ac
475 2775 516 2815 na
535 2753 569 2814 id
589 2752 717 2834 quidem
737 2773 879 2815 seorsum
900 2765 1002 2814 actum
1023 2764 1085 2828 est,
1107 2754 1165 2815 sed

100 2840 109 2857 ⁴
142 2852 176 2915 in
204 2854 310 2916 medio
340 2854 470 2934 strepitu
499 2853 591 2914 simul
616 2852 787 2916 ridentium
814 2874 851 2915 sc
877 2853 1062 2935 nugantium
1088 2875 1165 2916 oon·

141 2972 326 3039 gerronum.
386 2955 495 3036 Atque
534 2952 662 3016 interim
696 2955 1012 3017 honorificentissime
1042 2955 1082 3017 de
1112 2976 1163 3019 me

141 3059 348 3140 loquebatur,
375 3068 410 3116 ut
430 3059 562 3117 Beatum
588 3055 830 3137 nulla·potucrit
848 3055 956 3120 sarbiae
981 3067 1163 3139 sequuturae

142 3159 298 3241 tragoedia
326 3156 475 3235 suspicio.
518 3154 643 3218 Deinde
672 3176 744 3219 eum
765 3157 901 3239 negotia
930 3158 1063 3219 Beatum
1093 3157 1164 3223 diu*

125 3263 203 3339 ¹tius
225 3270 462 3321 remorarentur
491 3257 524 3317 in
549 3257 662 3336 patria,
695 3258 872 3331 Huttenus,
907 3256 998 3339 quasi
1025 3257 1161 3324 liberant

141 3360 227 3423 illum
247 3359 397 3422 mandatis
425 3357 589 3432 iudicavit,
627 3376 683 3428 „sc
707 3377 784 3417 mox
809 3357 961 3420 Basileam
992 3355 1160 3435 aditurum,

137 3461 280 3543 mihique
308 3463 375 3540 plus
401 3459 474 3521 satis
498 3459 684 3521 meticuloso
713 3457 892 3520 additurum
911 3459 1074 3519 animum.“
1113 3459 1159 3520 lta

140 3560 325 3643 conquievit
346 3563 478 3634 Beatus,
503 3557 578 3620 nihil
604 3554 764 3637 suspicans
792 3554 946 3619 oriturum
973 3557 1054 3620 mali.
1092 3561 1160 3621 Nec

103 3676 105 3680 ’
140 3652 295 3725 oritanum
319 3671 406 3732 erat,
446 3659 472 3720 si
497 3656 681 3740 contigisset
710 3657 859 3737 colloqui.
907 3660 1026 3721 Decem
1053 3659 1158 3722 verbis

139 3763 357 3827 eatisl'ccissem
380 3757 510 3819 llntteni
530 3761 702 3819 stomacho.
720 3782 722 3787 ·
743 3740 839 3819 Certe
860 3760 975 3820 Beatus
995 3760 1156 3842 aliquanto

140 3867 212 3944 post
231 3881 378 3923 reversus
399 3870 444 3919 est
466 3859 635 3933 Basileam,
664 3880 756 3941 qnam
775 3857 847 3921 hine
866 3857 1059 3921 discessisset
1077 3862 1159 3922 Hert·-

139 3974 242 4026 tenns.
294 3963 324 4021 ts
354 3981 424 4020 cnm
468 3959 671 4037 presentibus
704 3959 823 4041 aliquot
862 3958 982 4034 amicis,
1021 3981 1158 4039 (quosaam

139 4075 204 4122 erat
225 4070 404 4123 anlericas
439 4067 554 4133 herus,
574 4078 624 4119 me
644 4061 967 4141 salutaret,·'r0gabal,
991 4064 1154 4143 quomodo

136 4161 211 4224 mihi
230 4160 416 4221 cntrveniret
427 4179 499 4219 cum
510 4160 663 4221 liutteno.
684 4160 886 4237 Responsum
901 4171 964 4222 est:
993 4163 1153 4244 „optime”

136 4266 244 4344 Atque
262 4262 384 4320 ilatum
401 4259 578 4337 mihipltne
601 4278 783 4338 persuasum
807 4271 884 4321 erat.
923 4263 1062 4324 Rursum
1081 4284 1152 4327 etim

136 4359 251 4422 iterum
279 4381 328 4419 me
356 4360 509 4420 salutandi
537 4358 636 4439 gratia
662 4358 881 4437 convenisset,
908 4364 1153 4445 Eppendorpius

137 4460 280 4523 exhibuit
300 4458 434 4522 Hutteni
453 4461 493 4521 ad
512 4460 615 4540 ipsum
634 4457 755 4533 literas,
784 4459 821 4523 in
839 4463 960 4547 quibus
978 4468 1152 4543 mussitabat,

663 4676 672 4706 l
