2618 5108
844 40 848 57 l

278 98 754 290 ‘„.-W-¹
796 262 814 272 ⁹

393 754 596 833 Praedones
644 758 834 858 Dialogus
1056 764 1145 865 ηδ’

496 951 530 1013 H
537 961 723 1016 uttcnuss

177 1045 322 1113 Primum
349 1049 438 1114 malis
463 1050 504 1115 ab
523 1052 618 1116 initiis
638 1050 854 1137 proficiscitur
873 1052 1127 1122 vestrum-insti·

85 1156 203 1210 tutum.

488 1278 732 1341 Mercator..

181 1375 276 1439 Unde
298 1377 407 1441 enim?
457 1442 466 1469 ,
627 1400 633 1429 ³

493 1504 713 1565 Huttenus.

156 1600 191 1664 A
214 1600 404 1682 cupiditate,
436 1606 590 1667 malornm
615 1604 756 1666 omnium
775 1602 903 1679 radice,
929 1615 966 1666 ut
991 1601 1120 1669 sanctis·

79 1699 178 1764 simtu
197 1704 335 1782 scriptor
359 1704 471 1781 sentit,
492 1716 523 1768 et
547 1705 694 1766 omnibus
713 1703 876 1782 probabile
896 1715 958 1780 cst3
981 1725 1053 1768 nom
1073 1727 1118 1769 ex

78 1801 231 1879 avaritia,
264 1816 296 1866 et
316 1817 438 1888 quaestu
466 1806 571 1867 omnia
595 1807 777 1886 dependent
801 1803 886 1876 vitia.
922 1804 1049 1869 Deinde
1079 1828 1123 1872 ea

78 1903 307 1984 concupiscitis
329 1927 409 1981 vos,
432 1928 502 1989 quaa
528 1907 599 1982 alii,
630 1917 666 1968 ut
690 1904 768 1969 boni
788 1924 858 1966 esse
885 1907 1024 1985 possint,
1045 1908 1119 1993 qui·
1180 1984 1184 1993 Ι

76 2003 153 2067 dam
174 2016 210 2068 ut
225 2006 383 2088 sapientes
405 2018 544 2086 tantum,
563 2008 737 2091 prodigunt
756 2015 788 2068 et
813 2002 980 2087 abjiciunt·

484 2146 707 2213 Mercator.

159 2247 213 2308 'Et
232 2256 335 2309 tamen
354 2267 421 2308 non
440 2246 556 2325 video,
577 2270 690 2310 aurarm
710 2247 765 2332 qui
785 2248 936 2329 abjiciant
954 2246 1064 2314 hodic.

492 2388 733 2450 Huttenus.·

88 2556 91 2561 ,
156 2485 222 2550 Sed
242 2485 298 2570 qui
328 2499 550 2564 contemnant,
578 2489 667 2552 multi
686 2501 774 2565 sunt3
805 2491 892 2555 forte
920 2491 1028 2567 etiam,
1059 2501 1115 2573 qui

76 2583 241 2668 abjiciant.
286 2589 366 2652 Nam
391 2611 457 2652 non
489 2589 634 2652 videmus
664 2589 770 2652 omnia
809 2613 938 2670 omnes,
969 2603 1001 2655 et
1021 2591 1117 2655 dubi-

75 2687 137 2750 tsri
156 2708 225 2749 non
244 2688 358 2764 debet,
380 2709 451 2752 esse
469 2691 590 2765 adbuc,
613 2689 669 2774 qui
694 2703 858 2774 Cratetis,
889 2695 943 2757 vel
970 2707 1115 2762 Anaxa·

76 2817 170 2878 μονα
186 2792 369 2872 exemplum
387 2789 502 2854 imitari
522 2791 655 2875 dignum
674 2792 800 2856 ducant.

463 2929 720 2995 Franciscus.

154 3029 255 3111 Quod
274 3041 310 3092 ut
329 3052 395 3093 non
417 3029 476 3106 sit,
507 3041 613 3094 temen
633 3054 758 3112 semper
778 3035 964 3111 honestum,
985 3020 1114 3116 semper

74 3131 283 3216 magnifieum
304 3132 383 3208 suit,
404 3116 608 3195 contemnere
628 3133 811 3214 pecuniam,
833 3135 923 3219 quod
938 3156 975 3197 ea
992 3135 1113 3200 animos

73 3232 264 3310 effeminet,
286 3253 321 3295 ac
347 3233 470 3313 magnis
498 3243 531 3295 ct
550 3232 679 3296 infinitis
699 3237 887 3319 plerumque
910 3235 998 3300 malis
1017 3258 1114 3300 causa

74 3335 132 3411 sit,
157 3345 246 3397 etex
265 3332 447 3395 divitiarum
462 3332 652 3394 abnndantia
671 3334 821 3415 proclivis
842 3338 895 3397 liat
903 3335 935 3398 in
949 3336 1112 3413 desidiam,

73 3446 108 3500 et
137 3433 299 3516 luxuriam
324 3433 447 3506 abitus3
485 3443 594 3494 contra
624 3436 713 3495 lucro
742 3436 896 3512 detineri,
930 3458 1056 3516 semper
1081 3450 1115 3499 et

74 3536 162 3620 apud
184 3555 295 3598 omnes
315 3545 420 3614 turpe.
469 3535 513 3597 At
532 3553 637 3596 vestra
656 3544 722 3595 tota
743 3536 782 3595 nd
802 3547 956 3618 quaestum
976 3536 1112 3598 adorna·

73 3647 128 3701 tur
147 3636 229 3711 vita,
261 3656 367 3717 neque
398 3633 482 3696 aliud
503 3627 596 3717 quain
620 3632 775 3698 ditescere
795 3636 997 3718 propositum
1017 3636 1111 3699 vobis

76 3748 133 3800 est.
174 3736 239 3801 Ubi
264 3757 343 3799 vero
364 3734 490 3798 divitias
511 3735 586 3798 estis
607 3734 767 3813 adsecuti,
802 3738 966 3820 quomodo
985 3736 1112 3802 utimini

74 3835 138 3901 iis?

488 3962 714 4027 Mercator.

152 4062 256 4128 Aliter
276 4062 338 4127 alii.
807 4055 809 4058 ’

467 4187 725 4252 Franciscus.

145 4288 269 4352 Melior
289 4312 379 4374 pars,
401 4290 489 4374 quod
507 4312 574 4353 non
594 4288 745 4370 negabis,
766 4287 805 4351 ad
823 4285 1048 4362 ambitionem,
1068 4283 1106 4348 li·

66 4387 211 4478 bidinem
239 4406 273 4453 et
300 4390 416 4474 gulam.
