2618 5108
24 874 35 881 ,
143 784 221 876 aaa
340 843 345 853 -
496 771 820 906 samaraeum
917 800 921 807 ·

148 996 192 1068 re,
214 990 330 1071 tetur,
351 984 489 1079 quiden
508 986 570 1061 tan
588 985 848 1062 ustiuhandam
857 992 1059 1080 perunum,
1071 989 1171 1076 ,qu'ort

138 1091 206 1187 istu¹
225 1110 291 1156 nun
311 1096 423 1177 quavis
440 1097 482 1160 de
500 1108 594 1161 causa
623 1098 775 1182 impingat
800 1098 927 1161 amicat
956 1095 1059 1180 *Atqui
1077 1092 1171 1175 quod

146 1190 252 1255 acribo
273 1195 440 1274 Roiiensi,
478 1198 553 1262 mihi
572 1197 711 1261 Lemnii
742 1196 849 1261 retulit
879 1201 993 1262 doctor
1022 1210 1168 1262 daunais

137 1298 275 1374 ²itatius,
305 1314 378 1358 cum
402 1297 468 1360 illic
486 1288 610 1363 aduret
634 1310 771 1366 eurotas
791 1301 907 1363 Cesar.
952 1303 1035 1362 Eum
1064 1298 1169 1361 vim

137 1397 209 1459 'hoc
227 1395 325 1477 pluris
345 1386 516 1475 faciebam,
537 1390 628 1484 qta'od
646 1401 900 1463 benevolentiam
918 1421 984 1462 non
1004 1401 1170 1480 vulgarem

147 1514 224 1577 erga
258 1497 467 1559 Rencblinum
496 1513 561 1578 pre
590 1511 625 1563 se
650 1502 789 1578 terebat,
821 1513 854 1565 et
886 1502 1025 1584 (pradum
1053 1498 1169 1562 suain

138 1593 234 1657 ilium
252 1596 353 1658 officia
371 1601 642 1665 commemorabat.
678 1602 829 1686 Denique
850 1615 920 1665 cu'rn
949 1604 1013 1663 hacc
1035 1601 1171 1681 epistota

145 1714 217 1758 cum
237 1696 397 1780 plerisque
417 1696 537 1762 caeteris
556 1700 598 1763 sit
615 1714 733 1765 excusa
746 1702 892 1778 Basileia,
915 1718 962 1764 me
975 1714 1039 1762 tum
1053 1713 1170 1785 agente

140 1795 181 1858 'in
201 1797 383 1872 Brabantia,
407 1812 467 1860 cur
483 1818 550 1860 non
569 1812 684 1864 mutata
703 1814 768 1877 est,
790 1802 817 1866 si
835 1802 1022 1886 suggillabat
1042 1800 1171 1864 Reueh-

147 1896 266 1958 tinum?
295 1894 393 1960 Certe
412 1899 464 1978 jus
487 1899 625 1962 feceram
652 1903 838 1984 quibusdam
857 1904 958 1965 doctis
979 1903 1103 1975 amicis,
1134 1912 1172 1965 ut

150 2007 305 2060 mutarent
324 2009 523 2082 quactrnque
540 2002 667 2062 velient.
705 2001 798 2074 „Cur
816 2004 885 2085 ipse
911 2022 977 2065 non
1001 2002 1171 2079 murchad,

147 2097 300 2181 inquiet?
330 2099 413 2176 Quia
439 2099 516 2185 nihii
544 2099 613 2161 m'ali
644 2101 835 2182 suspicabar.
873 2103 959 2175 „Gur
977 2102 1075 2185 igitur
1102 2101 1171 2167 uiis

137 2200 359 2263 manducet
388 2200 472 2278 Quia
501 2203 610 2265 meiius
639 2212 754 2263 norant
772 2205 902 2266 affectus
924 2202 1124 2278 Germanioe‚·
1137 2214 1172 2265 ct

138 2320 244 2363 exre
276 2301 421 2380 praesenti
453 2301 574 2363 facilius
600 2302 750 2364 erat-iltis
774 2303 932 2383 judicare,
963 2322 1056 2387 quam
1085 2301 1171 2365 miiu'.

138 2398 231 2474 ‘„Cur
244 2399 340 2482 igitur
355 2399 406 2461 hic
421 2400 495 2462 nihii
513 2409 669 2462 mutarunt
685 2403 817 2464 amici‘?“
839 2405 921 2483 Quia
932 2425 998 2465 non
1013 2403 1172 2467 habebant

80 2536 83 2542 ·
141 2503 256 2564 'ocutos
269 2494 412 2576 Hutteni,
431 2499 487 2584 qui
501 2500 635 2562 animum
654 2502 797 2579 induxit,
818 2505 893 2567 nihii
906 2526 971 2566 non
989 2506 1174 2570 calumniari

144 2602 179 2666 in
199 2603 348 2678 Etanna,
379 2611 411 2662 et
430 2602 502 2664 hinc
521 2600 581 2664 sibi
601 2603 722 2663 laudem
743 2616 848 2685 sperat
869 2606 1039 2667 maximam.
1079 2606 1168 2678 „Cur

140 2705 275 2782 scribis,
296 2704 415 2787 inquit,
436 2704 477 2766 de
497 2724 563 2786 quo
582 2703 745 2766 dubitas‘d‘
767 2705 848 2783 Quia
868 2707 971 2784 potuit
988 2708 1080 2767 etiam
1100 2706 1172 2788 ipse

141 2807 247 2870 'Salius
267 2804 381 2869 alicubi
400 2805 475 2868 tatu.
495 2804 581 2885 Quid
602 2815 702 2865 autem
722 2804 806 2866 istud
818 2804 978 2867 referebat
996 2808 1035 2867 ad
1056 2806 1169 2870 famam

146 2907 338 2990 Captionis,
371 2927 410 2969 an
431 2924 544 2968 verum
571 2915 655 2967 esset
681 2924 741 2965 nec
765 2926 823 2979 ne,
855 2906 945 2987 quod
971 2906 1170 2969 scribebam?

141 3009 251 3072 Porro
278 3007 363 3091 quia·
379 3027 445 3068 non
468 3004 630 3067 dubitabat
648 3003 852 3067 admiraturus
873 3025 998 3080 omnes,
1025 3028 1084 3068 cur
1102 3026 1168 3089 ego

146 3106 192 3170 sic
212 3118 330 3183 amato,
351 3107 396 3170 sic
415 3104 583 3188 praedicato
604 3106 780 3168 Reuchlino
804 3109 881 3168 male
901 3109 1029 3182 vellem,
1049 3109 1171 3189 affingit

141 3220 277 3284 cauam,
308 3206 560 3269 inhumanitatem
581 3215 612 3266 ct
631 3205 788 3267 iuvidiam.
827 3207 927 3289 Atqui
947 3228 1004 3268 cur
1023 3228 1088 3269 non
1108 3226 1169 3290 pu-

144 3308 208 3373 tius
243 3308 429 3384 duumviro,
469 3307 648 3370 consiliario
688 3306 836 3381 cesaris,
880 3326 917 3367 ac
948 3327 983 3369 rc
1020 3308 1169 3392 famaque

143 3407 272 3477 florenti
304 3410 497 3484 invidebam,
535 3429 626 3491 quam
659 3409 765 3487 lapso,
801 3403 926 3488 jamque
954 3426 996 3466 ex
1023 3407 1167 3472 Consule

143 3512 231 3577 iacto
255 3509 399 3573 rhetori?
426 3512 525 3588 Ouum
552 3509 617 3569 trec
639 3507 682 3569 itti
703 3508 800 3583 dure,
833 3526 1006 3590 parumque
1035 3528 1077 3569 ex
1098 3522 1170 3574 arte

50 3609 55 3621 '
143 3615 281 3676 conficta
305 3609 398 3673 sunt?
426 3610 488 3671 Hic
511 3608 584 3670 mihi
608 3618 735 3689 reputes
764 3606 866 3682 veiim,
893 3609 1026 3670 candide
1055 3612 1169 3689 lector,

147 3714 226 3797 quid
250 3711 363 3777 frontis
392 3710 504 3772 habeat
526 3711 704 3784 Huttenus,
739 3708 795 3788 qui
825 3718 886 3769 tam
910 3708 1090 3791 indignatur
1111 3710 1169 3774 att-

147 3813 225 3898 quid
253 3812 329 3875 labis
351 3811 476 3893 aspergi
500 3808 615 3883 amico,
642 3829 712 3870 cum
743 3810 812 3887 ipse
835 3819 972 3885 temere,
1001 3813 1076 3873 nihil
1098 3822 1168 3876 non

147 3914 282 3978 criminis
314 3915 475 3994 confingat
504 3911 536 3972 in
560 3911 709 3973 amicum!
738 3910 863 3971 Etenim
898 3923 1103 3994 posteaquam
1133 3913 1170 3977 iu

146 4018 203 4080 hac
229 4037 322 4077 causa
343 4010 524 4086 vanissima,
555 4012 649 4092 digna
679 4021 773 4092 atque
804 4009 934 4091 indigna
958 4013 1169 4075 debacchatus

149 4128 231 4178 esset
259 4114 292 4177 in
322 4134 386 4189 mc,
431 4112 484 4177 tati
513 4112 644 4173 transitu
672 4113 777 4194 pergit
804 4115 843 4175 ad
880 4124 990 4174 cratera
1020 4115 1167 4180 crimina:

146 4222 165 4291 '„
175 4218 219 4280 Ut
241 4216 365 4290 videas,
398 4212 516 4296 inquit,
557 4211 638 4274 scire
672 4233 731 4274 nos
772 4223 804 4273 et
838 4215 1032 4296 intelligere,
1072 4236 1169 4298 quam

147 4316 329 4382 decreveris
360 4313 463 4377 omnia
490 4332 639 4394 perverse
664 4330 776 4394 agere,
810 4313 872 4395 >qui
899 4325 930 4375 et
954 4315 1169 4381 benemeritos

148 4420 262 4486 odiose
294 4416 472 4492 insecteris,
505 4422 537 4478 et
567 4433 648 4498 quos
680 4412 774 4475 babes
805 4413 1040 4491 infestissimus,
1081 4415 1166 4482 tas·
