2618 5108
139 778 212 852 lot
479 778 637 879 Spongia
659 779 801 856 Erasmi

140 971 252 1055 daupi,
280 992 375 1056 quam
391 973 509 1036 nullam
526 972 638 1035 haben
655 972 691 1035 iu
706 992 759 1036 me
775 970 988 1036 staraaclrandi
1005 972 1162 1034 causatu.l

141 1076 257 1138 Visum
283 1085 330 1137 est
356 1073 433 1150 illis,
464 1085 500 1136 ut
526 1075 686 1137 Hutteuus
711 1085 878 1157 antequam
907 1069 1049 1153 prodiret
1079 1070 1163 1133 liber

141 1177 245 1258 aliqua
264 1176 453 1256 placaretur
478 1174 620 1254 epistola.
657 1172 833 1255 Respondi,
859 1172 934 1236 mihi
952 1169 1055 1233 rideri
1076 1167 1178 1250 opti-'

140 1297 227 1340 mum
246 1275 451 1337 dissimulare.
497 1277 575 1337 Nam
595 1273 753 1357 ejusmodi
780 1273 908 1357 'urgearis
935 1284 1002 1333 tum
1022 1271 1162 1333 maxime

140 1377 294 1451 terocire,
322 1383 349 1437 si
366 1376 436 1458 quis
454 1387 588 1438 conetur
603 1377 735 1456 placare.
776 1373 859 1437 Cum
880 1374 922 1436 illi
945 1372 1164 1436 consentirent

51 1536 55 1544 ,
141 1496 161 1538 a
178 1497 228 1538 me
247 1477 484 1551 dissentientes,
505 1476 618 1557 scripsi
633 1472 793 1551 Huttcno,
813 1497 916 1538 meum
932 1474 1070 1536 animum
1091 1477 1165 1537 uul-

140 1577 201 1640 lius
220 1578 292 1640 mali
313 1579 372 1641 sibi
391 1578 553 1640 conscium
571 1596 658 1651 esse,
678 1575 796 1659 siquid
815 1577 894 1638 lalso
916 1577 1051 1638 delatum
1064 1586 1165 1646 esset,

142 1691 195 1740 aut
210 1678 329 1761 alioqui
342 1679 570 1757 suspicaretur,
589 1680 803 1757 expostularet
816 1677 961 1758 privatim
975 1698 1032 1758 per
1043 1678 1167 1756 episto·

139 1781 216 1856 lam,
237 1801 287 1841 me
308 1801 373 1840 uon
393 1779 553 1854 dubitare,
582 1762 659 1861 quin
679 1778 722 1839 illi
740 1799 798 1859 per
817 1777 922 1838 omnia
946 1777 1166 1840 satisfacturus

141 1901 255 1943 essem.
295 1879 521 1942 consideraret
550 1878 687 1954 interim,
711 1899 750 1938 an
774 1880 845 1952 lroc,
874 1877 964 1960 quod
985 1878 1164 1954 moliretur,

140 1981 335 2043 conduceret
347 1982 482 2062 publicis
498 1980 626 2056 studiis,
644 1979 776 2059 negotio
787 1978 1000 2061 Evangelico,
1015 1998 1051 2037 ac
1064 1979 1166 2041 rebus

140 2082 233 2146 etiam
258 2081 374 2162 ipsius,
406 2092 441 2142 ut
471 2092 536 2142 tum
562 2080 726 2143 habebant.
772 2081 845 2144 Non
871 2101 921 2141 me
952 2100 1021 2141 mea
1048 2078 1169 2142 fefellit

140 2183 262 2265 opinio.
316 2182 434 2244 Retulit
461 2181 708 2262 Eppendorpius
734 2180 896 2261 epistolam
924 2179 1168 2242 atrocissimam.

140 2284 214 2348 dam·
225 2281 308 2345 enirn
325 2281 536 2355 existimabat,
555 2302 617 2356 me,
629 2282 785 2343 hominem
801 2280 1029 2355 meticulosum,
1051 2279 1169 2343 lormi-

140 2383 215 2444 ‹line
236 2395 381 2443 tremere.
427 2381 583 2461 Proponit
602 2381 721 2462 aliquot
740 2381 842 2460 capita
860 2381 1041 2454 criminum,
1072 2383 1169 2463 quod

145 2493 328 2563 Capitonem
366 2492 522 2563 Capsitani
560 2479 594 2542 in
627 2481 724 2542 literis
753 2482 917 2543 Hebraicis
950 2483 1166 2562 praetulerim:

112 2569 113 2573 Ἰ
140 2584 229 2667 quod
249 2584 351 2662 ipsum
372 2584 547 2644 Huttennm
578 2579 610 2642 in
630 2582 759 2661 epistola
780 2583 818 2645 ad
839 2594 1069 2648 Hochstratum
1090 2605 1168 2662 per·

140 2684 341 2746 strinxerim:
371 2684 460 2766 quod
485 2693 641 2762 Capniom'
668 2684 807 2761 perfidiae
824 2683 924 2746 lahem
952 2687 1166 2766 asperseriru:

140 2787 230 2869 quod
261 2782 437 2866 Theologis
465 2783 719 2846 Lovauicusibus
755 2796 785 2846 et
815 2785 881 2845 aliis
910 2786 1069 2849 nonnullis
1104 2788 1167 2851 sim

138 2881 306 2949 blanditus.
356 2885 504 2966 Denique
538 2885 628 2966 quod
656 2885 762 2947 subito
783 2885 970 2947 desciverim
995 2888 1033 2948 ab
1053 2891 1166 2950 Evan-

139 2986 243 3069 gelico
264 2985 414 3068 negotio,
435 2996 466 3045 ct
487 2986 526 3045 ad
543 2985 636 3062 hrains
657 2986 896 3048 subversionem
908 2998 1009 3049 totum
1022 2988 1165 3052 animum

139 3085 339 3147 intenderim.
359 3089 401 3147 Et
412 3085 537 3149 interim
555 3086 723 3166 promittit,
736 3107 770 3148 sc
781 3087 917 3150 libellum
929 3088 1009 3149 intra
1022 3089 1165 3154 triduum

139 3206 198 3268 per
217 3186 367 3247 famulum
387 3186 563 3247 missurum.
602 3186 810 3267 Atqui-hujus
827 3191 1003 3270 exemplar,
1031 3188 1165 3269 jamhic

138 3308 197 3368 per
227 3289 397 3348 multorum
424 3309 533 3348 manus
562 3298 733 3361 versatum.
761 3289 889 3351 missum
916 3302 982 3352 erat
1017 3291 1162 3353 Thurre·

138 3386 246 3471 giam,
275 3399 307 3448 ct
345 3391 482 3468 populus
520 3389 595 3450 mihi
629 3391 791 3465 narrabat,
826 3391 904 3474 quid
937 3393 1098 3454 Huttenus
1127 3393 1163 3455 iu

137 3509 189 3552 mc
209 3487 393 3567 scripsisset.
436 3489 632 3569 Respondco
659 3511 717 3570 per
742 3490 846 3552 literas
874 3492 914 3554 ad
942 3491 1058 3574 capita,
1092 3515 1163 3576 qure

137 3588 246 3669 primis
261 3589 357 3652 literis
370 3602 596 3669 proposuerat,
616 3594 710 3652 multa
721 3613 873 3667 monens,
894 3615 964 3676 quse
977 3615 1041 3653 non
1056 3593 1161 3658 minus

138 3689 171 3751 iu
200 3711 267 3752 rem
298 3689 397 3771 ipsius
425 3701 532 3764 erant,
566 3713 660 3773 qnam
694 3712 805 3755 meam.
846 3694 1033 3777 Respondet
1063 3697 1159 3776 paulo

138 3789 259 3862 mitius,
287 3789 349 3869 jam
369 3789 512 3852 extincto
535 3801 708 3859 Framisco
735 3805 920 3881 Stellaque,
953 3806 985 3856 et
1001 3796 1082 3861 hane
1101 3801 1165 3863 tert
1193 3807 1194 3811 ’

138 3891 371 3965 conditionem,
405 3890 521 3952 librum
549 3893 612 3969 jam
637 3916 707 3957 esse
732 3897 862 3962 missum
880 3902 1099 3982 typographo,
1129 3913 1165 3967 ut

138 3990 381 4067 obticescercm,
422 3993 465 4054 ita
495 4013 605 4073 pacem
637 4007 742 4078 atque.
766 3998 858 4061 etiam
894 4000 1062 4066 amicitiam
1092 4005 1165 4069 fore

135 4092 219 4154 inter
248 4113 327 4168 nos,
357 4093 384 4154 si
412 4096 525 4155 vellem
555 4107 590 4155 nt
623 4108 723 4159 antea.
777 4100 920 4163 Tandem
945 4103 1093 4169 redditus
1121 4120 1169 4173 est

143 4191 283 4268 libellus,
307 4213 366 4253 uec
386 4192 586 4274 obsignatus,
616 4217 676 4258 nec
697 4198 863 4282 obligatus.
902 4205 984 4264 Eum
1006 4227 1171 4294 premere,

140 4312 213 4359 curu
242 4293 304 4371 jam
328 4314 386 4355 nec
415 4293 475 4372 ipsi
494 4295 636 4358 Hutteno
668 4310 750 4362 esset
768 4301 800 4361 in
821 4322 929 4377 manu,
951 4313 1062 4376 tamen
1082 4333 1177 4387 erant

137 4394 200 4477 qui
217 4392 301 4456 serio
330 4404 476 4477 agerent,
507 4406 543 4456 ut
569 4397 663 4467 missa
689 4399 781 4463 etiam
799 4397 951 4478 pecunia,
974 4406 1004 4470 ai
1035 4416 1180 4507 super-u
