2618 5108
186 804 261 885 uo
344 802 422 881 ur.
446 804 494 881 ab
516 802 660 913 neuen
683 820 769 875 eun
791 796 947 877 erasmo
974 799 1061 875 not

186 996 275 1063 eut·
302 996 397 1083 plene
422 996 620 1075 constantie,
649 1005 683 1061 et
705 1014 779 1059 eum
801 991 970 1059 nobiseum
988 992 1078 1075 prius
1097 986 1216 1073 egene,

178 1100 253 1170 noe
270 1110 321 1165 ert
338 1100 451 1165 eedem
470 1098 598 1185 egeris,
623 1116 711 1161 nune
728 1094 966 1180 tergiverseris,
995 1114 1032 1157 ro
1048 1093 1089 1156 ad
1107 1094 1217 1155 horter

179 1200 381 1287 Μιῖυςίι,
410 1211 587 1287 contr-eque
615 1216 743 1263 ornnem
766 1196 925 1261 rationem
954 1206 988 1257 et
1016 1210 1220 1257 communem

178 1320 318 1367 nemum
336 1301 501 1367 lumime
518 1300 727 1385 pronunties,
747 1298 906 1363 neminem
920 1297 1009 1379 piurn
1024 1318 1091 1359 non
1106 1293 1219 1359 terere

188 1404 339 1469 Romano
369 1403 540 1483 Pontifici,
580 1423 654 1467 oum
682 1402 727 1479 ir,
758 1400 849 1485 quod
875 1420 992 1465 ¹omues
1023 1396 1152 1472 vident,
1186 1404 1221 1459 et

188 1516 408 1589 cognoscunt,
428 1506 565 1572 menime
583 1505 698 1589 impios
717 1503 830 1567 lubeat
841 1502 904 1567 eibi
921 1500 1064 1565 deditos:
1083 1497 1221 1581 petimur

188 1604 321 1693 quidem
334 1598 469 1672 'alienari
487 1629 507 1672 e
525 1608 619 1673 nobis
639 1618 691 1685 te,
716 1606 903 1670 miseremur
922 1624 1020 1677 vero,
1049 1600 1140 1684 quod
1158 1599 1222 1660 hue

188 1706 355 1773 dementire
374 1710 521 1787 venerio,
550 1722 587 1773 ut
612 1721 676 1773 tum
702 1707 838 1773 rbeurdr
856 1715 967 1768 contre
993 1701 1223 1765 conscientiam

180 1800 320 1885 prober.
366 1802 409 1863 Et
428 1800 588 1887 siquidem
605 1802 709 1867 sanari
726 1830 793 1871 non
811 1807 882 1882 vir,
922 1805 1056 1868 libenter
1076 1799 1222 1877 ferimur,

188 1898 254 1965 illie
270 1898 380 1983 potine
398 1901 505 1985 perire
526 1914 574 1979 te,
604 1926 701 1989 quern
721 1908 906 1981 nobiseum3
931 1927 1004 1968 nam
1029 1902 1122 1965 nobis
1142 1899 1223 1963 levi·

188 2000 251 2069 ltu·
270 2013 303 2065 et
313 2002 421 2089 lim
433 2002 513 2069 fidei
532 2005 715 2072 hominibus
735 2030 817 2090 opus
836 2029 904 2071 non
923 2016 982 2069 eet.
1031 2005 1097 2066 Per
1117 2003 1221 2065 fortes

190 2116 331 2191 tguntur
348 2106 431 2183 itm,
461 2115 496 2171 et
515 2117 707 2173 constanter.
755 2108 820 2172 Ubi
838 2108 912 2171 ratis
931 2104 1039 2171 mirari
1059 2126 1126 2166 non
1145 2124 1224 2184 por·

190 2228 280 2285 eum,
300 2206 392 2291 quod
408 2204 517 2288 jarras,
533 2210 689 2291 quosdam
705 2221 738 2273 te
751 2210 951 2273 Lutherenon
964 2205 1084 2271 technis
1097 2205 1225 2269 allicere

187 2308 234 2371 ed
251 2309 307 2371 lm
325 2318 448 2389 penes,
469 2309 626 2391 quosdam
644 2310 678 2373 vi
697 2333 830 2396 quoque
850 2314 931 2375 velle
948 2331 1073 2390 rupere.
1112 2310 1224 2390 Atque

190 2404 290 2490 igitur
309 2407 472 2471 dialectice
490 2409 625 2490 prober,
652 2433 721 2474 non
740 2434 810 2477 esee
832 2411 1044 2493 Evangelicoe
1064 2409 1225 2471 Lutherr·
1273 2410 1277 2417 ’

190 2528 270 2584 nor,
301 2506 377 2591 quie
396 2510 617 2593 evangelicum
635 2513 780 2590 nonsit,
811 2512 931 2576 technis
957 2522 990 2573 et
1015 2509 1050 2572 vi
1078 2509 1112 2572 in
1133 2527 1225 2571 suem

191 2628 355 2695 quemque
368 2609 541 2675 factionem
551 2616 758 2693 protrahere:
777 2614 949 2696 presertim
963 2632 1036 2674 curn
1050 2631 1117 2672 non
1131 2609 1226 2692 igno·

190 2722 299 2789 retur,
321 2713 405 2777 tune
422 2714 658 2796 professionem
684 2737 752 2781 non
776 2737 847 2779 esee
871 2713 974 2778 minus
1002 2712 1225 2794 periculosum,

106 2894 111 2903 Ι
191 2832 288 2897 quem
302 2813 401 2879 fuerit
418 2815 493 2879 olim
507 2816 678 2882 Christiani
691 2816 840 2880 nominis.
877 2816 904 2877 F
907 2826 1044 2889 utemur,
1066 2834 1134 2874 non
1153 2832 1225 2875 esse

192 2914 415 2999 evangelicum
434 2916 486 2993 id,
507 2939 574 3002 quo
590 2917 695 2982 minue
712 2918 805 2981 etiarn
822 2915 994 2998 probemus
1012 2928 1100 2978 tuum
1112 2913 1225 2975 Rome

191 3012 442 3097 Imperatorem,
472 3017 531 3102 qui
549 3039 609 3084 noe
635 3019 669 3081 vi
688 3039 725 3082 eo
744 3016 895 3081 violentie
912 3017 973 3080 eub
993 3036 1081 3080 suern
1101 3011 1225 3076 autori·

192 3122 288 3179 uum
306 3120 498 3199 compellere
517 3122 601 3196 vult;
630 3130 663 3183 et
682 3118 956 3194 communimur,
985 3116 1123 3179 coelestia
1142 3135 1228 3198 quo·

183 3234 260 3299 que
276 3214 427 3296 fulmine,
448 3229 596 3301 tunquam
608 3219 707 3303 ipeiur
727 3219 779 3282 ille
796 3216 960 3301 potestatis
981 3219 1062 3293 sint,
1084 3215 1228 3280 demine·
1268 3226 1272 3231 '

192 3326 256 3383 rur.
292 3317 341 3381 Illi
360 3338 461 3398 vero,
494 3319 551 3404 qui
569 3322 623 3385 hee
643 3320 700 3384 tibi
719 3323 846 3385 technae
866 3319 1008 3383 admoliti
1026 3328 1117 3393 eunt,
1144 3319 1227 3381 lunc

186 3416 389 3484 intentarunt
407 3419 491 3499 viru,
522 3419 604 3485 mire
623 3421 736 3502 cupio,
773 3421 917 3496 ubinam,
956 3430 987 3482 et
1008 3418 1066 3502 qui
1084 3419 1148 3482 sint
1166 3419 1227 3481 ho·

185 3521 320 3597 mines?
354 3524 470 3609 Teque
495 3545 601 3607 rogo,
638 3526 723 3591 dieue
756 3522 851 3599 mihi,
886 3519 1003 3603 joceris
1029 3540 1070 3582 ne
1097 3521 1160 3582 hoc
1184 3540 1226 3583 en

176 3623 281 3689 ‚aerio
299 3644 441 3689 moveor.
479 3624 545 3689 Sed
562 3647 629 3689 non
649 3626 786 3707 joceris,
805 3624 862 3708 qui
882 3622 930 3685 bis
950 3632 1005 3683 aut
1025 3632 1075 3685 ter
1093 3621 1226 3703 repetis,

194 3744 266 3791 me
292 3725 515 3803 Lutherenor,
555 3726 614 3812 qui
642 3739 675 3790 te
705 3726 842 3809 primum
874 3722 1010 3799 technis,
1042 3721 1160 3786 deinde
1191 3722 1227 3787 vi

193 3845 308 3908 rapere
339 3825 374 3889 in
403 3846 462 3890 rue
490 3839 592 3891 eastre
623 3829 685 3893 sint
711 3825 827 3892 conati.
877 3822 1011 3889 Modica
1030 3824 1111 3899 lide,
1139 3824 1228 3886 nulle

194 3926 311 3991 fiducia
329 3947 400 3991 esre
419 3928 553 4005 debent,
574 3928 760 4013 quicunque
779 3938 868 4003 eunt,
892 3926 948 4007 qui
962 3927 1030 3989 -hoo
1046 3922 1227 3987 machinen-

190 4036 266 4104 tur,
284 4028 313 4092 ri
330 4028 386 4092 ulli
406 4040 493 4105 eunt,
527 4050 635 4114 neque
653 4029 829 4094 Lutherani
856 4028 890 4091 in
917 4025 955 4090 iis
975 4026 1105 4106 spiritus
1122 4026 1227 4089 tantil-

190 4130 261 4201 ‚lruu
282 4141 341 4195 ert.
384 4130 453 4193 Nisi
473 4141 508 4193 tu
537 4132 589 4194 hio
614 4153 674 4197 nor
697 4127 922 4193 contemnendi
941 4127 1066 4203 studio,
1093 4128 1227 4191 vicanos

194 4230 352 4314 quondum
370 4241 404 4293 et
421 4231 462 4295 de
481 4230 558 4294 loro
571 4231 659 4295 nihili
676 4231 840 4307 homines,
863 4229 956 4293 nobie
975 4228 1123 4309 imputes.
1144 4229 1227 4293 Sunt

195 4329 283 4397 enim
300 4329 542 4413 poruemierimi
561 4333 708 4416 quidem,
742 4334 799 4417 qui
816 4352 889 4394 eurn
915 4354 950 4396 re
977 4331 1102 4415 aliquos
1122 4329 1229 4395 videri

196 4434 326 4513 volunt,
345 4454 386 4499 u
401 4432 512 4501 dieunt
528 4454 567 4501 eo
583 4434 723 4513 loeium,
745 4456 816 4521 que
836 4453 857 4497 r
873 4433 1036 4499 communi
1054 4433 1229 4497 abhorrent
