2618 5108
123 64 597 264 ,κν-Ψ...
640 240 659 251 ο
818 240 848 250 v-

751 353 767 374 Χ

292 702 314 712 ..
341 733 516 816 adversus
540 737 966 841 adsperginesflutteni.
1078 736 1151 815 ddi
1207 710 1211 716 ⁸

136 935 408 1017 a'rne'probatu‘m
430 947 486 998 est.
535 922 684 1018 Quodin
703 935 765 998 illis
784 926 1048 1017 disputationibus
1066 928 1156 997 airu·

136 1020 238 1112 munt,
263 1023 289 1098 a
309 1058 358 1098 me
379 1057 438 1100 nec
459 1038 626 1118 probatum
645 1047 708 1112 est,
741 1056 800 1098 nec
823 1030 1043 1119 improbatum.
1080 1035 1156 1096 Hoc

134 1146 253 1198 tantum
265 1137 415 1217 probavi,
435 1139 534 1220 quod,
551 1137 671 1199 omissis
685 1136 874 1199 clamoribus
886 1135 1026 1210 furiosis,
1048 1133 1156 1215 dispu·

135 1247 236 1299 tarent
256 1259 292 1299 ac
311 1239 474 1299 docerem.
512 1237 550 1299 ld
569 1240 726 1300 Huttenus
746 1236 792 1299 sic
809 1237 1041 1317 interpretatur,
1064 1233 1157 1318 qssasi

138 1337 293 1420 quicquid
311 1339 344 1398 in
374 1338 564 1419 disputando
591 1338 633 1400 illi
646 1330 1012 1401 ¹definierunt-adversus
1032 1336 1156 1398 Luthe'·

137 1459 224 1512 rum,
257 1438 463 1520 approbarim.
502 1441 543 1500 Et
571 1438 658 1518 prius
690 1440 801 1502 salsum
841 1449 1070 1519 assumpserat,
1100 1456 1154 1499 rne

138 1559 332 1620 magnopere
367 1540 536 1620 probasse,
577 1539 730 1622 quicquid
746 1536 805 1601 -illi
843 1537 876 1600 in
911 1538 975 1601 suis
1002 1532 1154 1616 ¹censurio

136 1640 328 1703 damnarant.
370 1643 485 1703 Eamus
520 1634 609 1702 nunc¹
637 1661 673 1700 ac
707 1658 875 1721 negemus,
906 1641 1048 1702 Hutteno
1069 1640 1157 1701 ÷orso

137 1740 300 1821 ingenium
330 1742 368 1803 ad
400 1743 635 1823 depravandum
660 1740 843 1802 benedicta!
882 1739 987 1803 Simile
1006 1737 1159 1822 quiddam

136 1841 251 1904 atllert.
269 1840 309 1903 de
335 1841 448 1904 ordine
474 1841 734 1915 Proedicatorum,
766 1840 798 1902 in
836 1860 931 1923 quem
964 1861 1035 1904 cunt
1063 1836 1152 1919 prius

136 1942 252 2005 luerim
272 1942 377 2004 hostili
398 1945 518 2017 animo,
541 1962 625 2004 nuuc
644 1942 835 2021 persuadere
854 1960 970 2015 coner,
989 1938 1158 2022 nunquam·

135 2064 185 2105 me
206 2046 285 2104 male
305 2042 443 2104 voluisse
469 2043 512 2105 illi
537 2041 692 2105 sodalitio.
744 2043 912 2124 Nunquam
939 2038 985 2102 sic
1003 2035 1158 2117 insanivip
1271 2100 1275 2109 ,

136 2154 173 2205 ut
193 2143 246 2204 ulli
273 2143 379 2203 ordini
405 2146 483 2207 male
502 2143 672 2216 voluerim,
704 2141 737 2203 id
757 2142 843 2224 quod
864 2138 1158 2223 ubique-'testificor

136 2244 263 2318 verbis,
285 2254 316 2304 et
334 2266 369 2305 rc
390 2255 511 2324 prosto.
534 2244 567 2306 Si
585 2243 658 2305 ideo
678 2241 725 2304 las
744 2252 802 2315 est,
822 2241 929 2304 odisse
948 2260 1055 2303 omnes
1068 2240 1160 2303 Pru-⁴

138 2344 314 2419 dicatores‚
350 2346 438 2427 quod
469 2343 495 2406 is
522 2344 603 2406 ordo
631 2346 745 2404 multos
769 2341 880 2403 babeat
897 2344 1012 2417 malos,
1039 2338 1154 2403 'onmes

137 2444 264 2508 ordines
290 2456 415 2525 oportet
436 2445 556 2519 odisse,
586 2464 657 2505 curn
678 2444 779 2504 nullus
805 2442 862 2518 sit,
883 2442 939 2526 qui
958 2463 1023 2504 non
1042 2441 1155 2502 habeat

136 2548 312 2628 complures
332 2547 440 2608 malos.
479 2545 628 2627 Denique
648 2542 843 2606 Christianos
864 2563 973 2606 ornnes
994 2539 1155 2623 oportebit

138 2648 261 2722 odisse,
295 2648 383 2730 quod
412 2649 517 2726 plures
549 2645 610 2706 sint
639 2654 722 2706 inter
751 2643 809 2704 bos
834 2642 905 2705 mali
939 2650 1033 2726 'quam
1063 2640 1156 2703 bunia

136 2747 220 2810 Nihil
252 2759 300 2810 est
325 2746 422 2829 igitur
457 2745 508 2809 bio
533 2745 764 2820 inconstantiae,
797 2744 855 2807 sed
881 2744 968 2824 quod
984 2752 1158 2824 perpetuo.

137 2847 240 2924 sensi,
267 2845 300 2910 id
330 2848 452 2926 scriptis
477 2868 513 2908 ac
537 2847 626 2910 factis
653 2848 792 2909 declaro.
840 2840 954 2907 Utrum
970 2853 1086 2903 autem
1104 2849 1158 2904 ess

137 2948 320 3023 humanius,
347 2948 492 3011 ordinem
511 2957 611 3009 totum
641 2947 748 3010 odisse
767 2957 899 3029 propter
917 2945 1014 3007 malos
1034 2939 1158 3003 admira

138 3060 208 3136 tos,
241 3070 281 3110 an
302 3048 405 3109 ordini
427 3048 538 3110 favere
563 3059 695 3129 propter
714 3035 817 3111 bonos
838 3044 1018 3109 admixtos?
1049 3044 1153 3106 Habet

140 3136 221 3210 ordo
242 3148 486 3211 Praedicatorum
505 3147 643 3232 aliquot,
665 3148 720 3231 qui
740 3159 771 3211 et
790 3152 922 3211 Erasmo
942 3147 1024 3208 bene
1044 3144 1152 3222 velint,

139 3247 287 3309 achonis
322 3248 420 3311 literis
450 3249 541 3311 simul
566 3260 597 3310 et
629 3250 823 3332 Evangelio-o
858 3247 988 3330 negotio
1016 3246 1153 3308 faveant.

139 3347 208 3410 Nisi
241 3348 385 3412 omnibus
427 3338 531 3412 amicis
571 3370 694 3431 semper
725 3362 817 3411 autor
844 3348 907 3423 tui,
939 3369 981 3409 ue
1005 3348 1156 3408 laederent

140 3447 281 3510 ordinem
302 3451 415 3525 ullum,
436 3470 477 3511 ne
498 3461 622 3532 gentem
639 3451 749 3525 ullam,
771 3449 896 3509 evincet
914 3450 1081 3520 Huttenus,
1103 3463 1153 3506 mo

136 3549 170 3612 in
197 3561 296 3612 totum
316 3550 571 3612 Prrcrlicatorium
598 3540 742 3611 ordinem
774 3550 878 3612 hostili
909 3547 1008 3609 luisse
1038 3544 1152 3610 animo·

137 3652 273 3713 Similem
305 3651 545 3714 inconstantiam
575 3650 685 3727 objicit
713 3668 788 3727 erga
817 3648 945 3710 Curiam
967 3649 1149 3722 Romanam,

138 3734 178 3812 de
200 3771 263 3832 qua
282 3772 352 3813 cum
373 3763 444 3815 aute
461 3751 690 3813 tam'atrociter
709 3752 858 3832 loquutus
884 3748 957 3824 sim,
988 3769 1081 3830 quam
1100 3766 1151 3808 me

138 3852 297 3911 Hutteuus
323 3850 446 3912 inimice
475 3853 657 3934 loquentem
682 3852 788 3914 lacere
813 3848 934 3929 potuit,
961 3869 1045 3910 nunc
1065 3847 1151 3910 miris

138 3951 281 4012 laudibus
299 3950 377 4011 illam
397 3952 535 4013 efferam.
574 3955 701 4027 „·Nunc,
728 3951 845 4033 inquit,
866 3946 1035 4012 sancta'est
1053 3932 1101 4011 illa
1121 3959 1153 4011 et

139 4049 288 4112 catholica
320 4051 467 4126 ecclesia,
496 4051 551 4113 ubi
586 4054 722 4114 caudore
749 4049 810 4112 litia
839 4052 969 4112 vincunt
1001 4049 1152 4125 homines,

137 4153 204 4226 ubi,
224 4152 376 4234 quicquid
389 4152 634 4234 improbissimus
645 4153 783 4237 quisque
798 4147 984 4214 Curtisanus
999 4149 1149 4231 loquitur,

137 4273 210 4315 rosa
239 4259 312 4315 est.“
350 4255 425 4315 Hoec
455 4254 533 4337 quid
561 4254 645 4317 aliud
669 4255 841 4327 declarant,
874 4270 967 4336 quam
999 4250 1152 4330 insignem

137 4352 360 4439 impudentiam
377 4354 529 4419 Huttenit
559 4354 645 4418 Vitia
658 4352 902 4418 Romanensium
916 4353 993 4437 quis
1012 4366 1158 4435 unquam
