2618 5108
895 50 901 67 i

988 453 990 463 i

562 823 753 929 Dialogus.
1104 839 1173 912 133
1243 808 1248 817 ἱ

139 1017 195 1083 sed
216 1015 334 1083 Christi
355 1040 465 1094 eausa,
495 1019 592 1104 hujus
614 1043 708 1085 omne
731 1024 804 1087 hine
823 1026 965 1100 lucrum,
995 1047 1090 1091 omne
1110 1023 1175 1094 die·

138 1120 289 1204 pendium
308 1120 379 1184 erit.
427 1120 490 1185 cui
515 1124 605 1199 vide,
637 1146 678 1186 an
702 1127 807 1205 poesie
833 1147 903 1192 esse
930 1129 1048 1193 amicus
1068 1130 1171 1205 simui,

140 1235 170 1286 et
190 1225 248 1286 ieta
268 1223 373 1307 sequi.
411 1224 536 1288 Verum
557 1225 621 1287 haee
640 1227 713 1291 setis
728 1229 854 1292 abunde
867 1230 955 1306 dixi,
980 1248 1172 1318 quamquam

140 1337 171 1394 et
188 1327 321 1408 posthae
340 1347 407 1388 non
426 1327 543 1404 deero,
562 1327 722 1411 siquidem
740 1331 853 1395 audire
873 1335 973 1395 voles.
1059 1328 1061 1332 ⁴

552 1448 753 1511 Monitor.

214 1546 290 1609 Non
309 1557 446 1628 poter03
478 1560 609 1612 revocet
636 1571 687 1614 me
719 1549 804 1614 enim
829 1549 951 1615 Leonis
971 1551 1076 1625 Bulla,
1107 1569 1173 1634 que

138 1647 321 1724 damnetur,
342 1649 398 1733 qui
418 1666 524 1712 tecum
544 1663 709 1737 utcunque
728 1653 845 1716 vernali
865 1653 1003 1728 suerint,
1032 1650 1094 1715 nisi
1110 1663 1173 1712 ste·

136 1751 190 1813 lim
211 1751 369 1823 deserent.
409 1751 473 1816 Sed
493 1766 528 1816 tn
547 1775 626 1832 age,
645 1775 717 1817 cum
735 1766 798 1815 tom
818 1773 907 1837 aequa
926 1775 1072 1829 moneas,
1092 1751 1172 1836 quid

136 1865 205 1929 est,
227 1854 314 1938 quod
334 1856 440 1934 plures
460 1856 562 1918 adhuc
579 1868 668 1931 sunt,
690 1855 745 1938 qui
766 1855 944 1918 doctrinam
959 1868 1044 1917 tuem
1061 1851 1173 1938 cogni·

136 1963 199 2019 tem
218 1977 286 2019 non
305 1968 514 2041 acceperunt,
536 1980 631 2041 quam
652 1957 708 2041 qui
726 1956 891 2020 Lutherici
910 1958 986 2020 faeti
1005 1967 1090 2020 sunt.

550 2076 768 2138 Lutherus.

213 2174 287 2238 Seio
307 2175 390 2239 iiiam
410 2187 527 2239 seciam
548 2199 651 2240 amare
673 2198 795 2242 crassos
816 2198 943 2253 omnes,
965 2187 1173 2259 tenerosque,

136 2290 169 2343 et
200 2279 373 2357 delicatos,
406 2301 467 2341 nee
497 2280 590 2343 turba
617 2299 768 2355 moveor,
802 2290 834 2340 et
865 2277 1086 2352 multitudine,
1114 2275 1174 2356 sed

136 2405 246 2448 rerum
290 2381 556 2445 existimationem
596 2401 727 2464 sequor.
761 2382 845 2454 ,Tu
881 2400 1033 2463 quoque,
1066 2377 1094 2441 si
1121 2397 1173 2438 me

138 2484 268 2557 audies,
301 2505 367 2545 non
386 2483 545 2547 dubitabis
567 2484 725 2545 declinere
750 2480 857 2543 tritam
880 2480 963 2543 illem
991 2479 1114 2554 multis,
1142 2487 1176 2539 et

137 2589 259 2667 pianom
280 2585 381 2660 viani,
410 2597 507 2669 atque
532 2573 666 2668 angusti
691 2583 766 2657 hac,
794 2581 910 2657 ardue,
941 2592 974 2644 et
992 2581 1077 2644 haud
1096 2579 1174 2643 dum

136 2689 179 2752 ite
198 2687 327 2770 cognita
347 2687 483 2769 ingredi.

559 2793 757 2857 Monitor.

213 2899 290 2962 Non
310 2895 427 2972 audio,
449 2908 545 2979 etque
561 2895 634 2958 hine
653 2895 716 2975 jam
735 2892 855 2976 migro,
876 2914 918 2956 ne
934 2893 960 2953 si
976 2889 1095 2953 diutius
1109 2909 1176 2952 ma·

138 3019 251 3074 neam,
279 3000 368 3061 illum
392 2998 467 3061 mihi
493 2993 689 3080 clavigerum
718 2993 872 3056 vicarium
901 2994 981 3056 maie
1000 2986 1176 3075 propitium

138 3102 282 3167 reddam.

547 3190 769 3253 Lntherus.

232 3295 359 3377 Migra,
395 3292 524 3378 quando
552 3292 595 3354 ite
621 3291 760 3354 videtur.
800 3289 866 3352 Tui
884 3299 990 3351 autem
1007 3287 1174 3363 misereor,

139 3400 197 3486 qui
217 3398 264 3463 eie
284 3397 431 3460 inversus
450 3392 526 3458 mihi
557 3414 608 3469 ee,
642 3405 679 3454 ut
702 3412 772 3473 quoe
791 3411 858 3452 non
887 3402 979 3464 sunt,
1010 3387 1176 3467 splendide

139 3505 255 3576 ducas,
277 3513 310 3562 et
330 3495 489 3561 derelictis
502 3493 586 3557 veris
601 3493 678 3570 illis,
699 3513 737 3556 ec
755 3489 884 3567 solidis,
904 3489 1033 3553 inanem
1050 3487 1176 3552 sumum

139 3619 173 3669 et
190 3622 294 3668 meres
312 3617 449 3683 sequare
468 3618 582 3680 nugae.

559 3711 758 3777 Monitor.

217 3822 343 3885 Temen
362 3816 479 3900 migro.
518 3814 614 3879 Vale!

554 3922 774 3986 Lutherue.

216 4031 262 4095 Et
280 4043 316 4093 tu
334 4029 421 4105 vale,
441 4028 492 4089 eui
511 4025 647 4088 maxime
668 4044 750 4106 opus
772 4033 831 4085 eet.

562 4132 757 4196 Monitor.

221 4238 287 4304 Sed
306 4240 386 4303 heus
406 4249 441 4302 tu
460 4237 623 4312 Ludere,
644 4233 724 4309 seis,
749 4229 829 4342 quid
848 4226 993 4292 futurum
1013 4222 1082 4286 eet?

555 4345 772 4407 Lutherue.

217 4449 270 4517 De
289 4468 343 4515 me
362 4446 523 4530 conjicio,
542 4445 584 4511 de
604 4462 635 4508 te
655 4459 761 4508 autem
779 4440 838 4527 qui
857 4436 977 4504 eciam?
1030 4450 1033 4457 '
