2618 5108
920 50 926 61 ι

573 760 761 863 Dialogus.
1128 777 1192 850 131

153 953 237 1030 viri,
257 954 285 1018 si
303 954 337 1017 in
352 974 467 1019 eorum
484 975 580 1019 manu
591 955 687 1020 etiam
704 955 799 1021 situm
811 970 910 1037 esset,
929 963 1084 1029 malorum
1095 966 1192 1032 licen-

153 1055 237 1119 tiarn-
248 1055 395 1139 irrogare
414 1055 490 1134 tibi,
509 1046 619 1122 airsore
639 1059 733 1135 boni,
754 1081 791 1121 ac
810 1061 980 1144 dilectione
1000 1067 1062 1130 Dei
1083 1068 1192 1136 faeere

153 1157 186 1220 id
214 1158 345 1220 nollent.
395 1157 512 1242 Neque
541 1170 595 1236 tu,
625 1162 651 1224 si
680 1159 786 1225 bonsu
818 1182 890 1227 esse
920 1166 1020 1245 velis,
1052 1191 1192 1254 unquam

152 1270 254 1343 petes.

567 1352 763 1419 Monitor.

160 1492 173 1533 2
230 1455 357 1521 'samen
376 1453 403 1518 si
421 1465 545 1536 petam,
566 1457 669 1520 habeo
691 1457 749 1542 qui
767 1457 841 1535 det,
874 1469 911 1522 ut
930 1457 1012 1526 illius
1034 1465 1144 1546 culpa,
1164 1467 1193 1530 si

155 1557 236 1622 inest
255 1560 369 1641 crdpa,
388 1579 522 1640 peccare
542 1557 616 1620 milri
637 1558 739 1622 liceat.

351 1748 361 1767 Ἰ
565 1675 786 1740 Lutberus.

182 1765 184 1768 ¹
228 1779 334 1860 Quum
360 1794 427 1839 non
455 1771 554 1857 debes
581 1777 661 1839 velle
682 1789 718 1839 ut
745 1778 847 1842 liceat.
885 1779 1056 1846 Existimas
1076 1793 1191 1867 autem,

151 1878 331 1944 sialiorum
348 1879 440 1961 culpa
457 1876 503 1941 sie
518 1875 702 1973 delinquas,
722 1878 842 1963 aliquid
862 1895 922 1942 tusc
943 1881 1070 1948 interim
1092 1889 1192 1969 culpas

150 1980 329 2056 decedere,
359 1989 391 2042 et
416 1988 448 2043 te
479 1976 722 2061 juvatssatiorum
742 1979 789 2043 uti
816 1978 939 2061 judicio
960 1982 1022 2060 ibi,
1054 2006 1128 2049 cum
1148 2008 1190 2050 ex

131 2080 348 2145 ·conscientia
375 2080 550 2144 vivendum
576 2080 634 2144 tibi
655 2078 718 2142 sit?
751 2081 838 2162 Quin
865 2083 1011 2147 loturum
1040 2085 1137 2164 scias,
1157 2099 1193 2150 ut

152 2182 294 2247 omnium
322 2193 453 2244 tuorum
479 2182 673 2258 verborum,
705 2182 825 2244 nedum
858 2203 992 2264 operum
1023 2189 1139 2254 reddas
1159 2191 1191 2255 in

149 2282 202 2348 illo
223 2285 335 2348 ultimo
355 2282 477 2364 judicio
497 2281 674 2360 rationem,
704 2282 761 2345 ubi
781 2281 941 2346 arbitraris¹
970 2307 1031 2369 pro
1052 2299 1084 2351 te
1104 2293 1191 2356 solu·

147 2397 274 2463 mmm,
295 2385 468 2470 quiequam
487 2404 579 2463 eum,
599 2385 656 2470 qui
678 2392 741 2455 tam
756 2384 958 2466 impudenter
976 2409 1064 2452 nunc
1083 2391 1191 2459 omnia

135 2487 406 2574 ‘sttrpromiuitt
804 2503 807 2508 '
836 2548 837 2552 ,

567 2575 767 2641 Monitor.

222 2678 385 2765 Equidem
405 2677 554 2744 arbitror.

555 2792 776 2860 Lutherus.

223 2898 325 2986 Atqui
339 2899 411 2964 satis
427 2898 487 2964 erit
498 2920 603 2974 unus,
625 2909 660 2959 ut
680 2895 876 2978 respondeat
892 2918 954 2979 pro
968 2907 1016 2963 tot
1026 2900 1189 2970 millibus?

135 2988 226 3091 Mn
256 3014 289 3065 et
308 3025 368 3084 pro
397 3003 464 3065 aliis
485 3019 581 3085 agere
611 2999 698 3062 idem
728 2997 772 3062 illi
793 3020 928 3065 necesse
954 3001 1033 3081 erit,
1068 3006 1187 3091 quibua

144 3096 256 3169 cadetis
274 3104 446 3188 aliquando
466 3101 626 3188 pollicitus
646 3113 704 3164 est.
818 3112 824 3131 ι
914 3110 920 3121 ·

563 3220 766 3304 Monitor.
824 3221 832 3315 ζ

218 3321 338 3408 Neque
349 3280 438 3386 ...mn
463 3319 578 3399 saciet,
605 3340 672 3383 uno
698 3317 851 3405 quopiam
884 3322 1040 3402 verbulo,
1072 3346 1184 3395 omnes

142 3419 290 3489 liberans.
1190 3423 1206 3468 ⁴

465 3486 485 3519 '⁵
550 3497 774 3564 Lutherus.
1184 3560 1193 3581 f

218 3605 322 3687 Quam
341 3605 438 3666 multa
457 3600 556 3687 igitur
580 3605 698 3666 frustra
718 3605 842 3664 locutus
869 3612 918 3665 est
938 3601 1105 3680 Christus,
1135 3616 1147 3668 t

142 3705 333 3782 doctissimi,
368 3715 402 3768 et
429 3704 618 3768 sanctissimi
639 3705 784 3767 homines
805 3701 902 3765 literis
921 3704 1130 3782 mandarunt,
1155 3708 1183 3770 sl
1266 3774 1269 3779 ,

138 3829 240 3872 ιιιιιιιιι
259 3809 364 3885 istud,
393 3807 576 3890 quodquod
595 3817 661 3882 est,
684 3804 873 3877 verbulum,
905 3807 1033 3867 solvere
1053 3826 1182 3872 omnm

137 3913 221 3974 vater
255 3930 431 3990 serupum,
465 3930 561 3971 omne
597 3907 769 3970 discrimen
801 3899 920 3970 t'ollere.
985 3910 1093 3988 Quare
1132 3921 1182 3973 tot

137 4011 412 4096 praeceptionibus
428 4011 508 4095 quid
530 4023 676 4072 tenemur
697 4009 864 4088 occupati,
897 4008 924 4072 si
947 4030 1037 4073 mena
1059 4010 1179 4077 Christi

135 4114 221 4191 tuit,
252 4114 535 4198 unumquempiam
567 4123 642 4194 post
671 4133 706 4174 se
737 4111 892 4173 vicarium
926 4111 1128 4196 relinquere,
1161 4137 1179 4179 a

136 4236 207 4300 quo
227 4211 372 4304 pendere
392 4215 534 4278 omnium
552 4215 636 4278 iaetu
655 4208 826 4292 oporteat?
850 4223 885 4276 ut
905 4218 1176 4298 quemadmodum

134 4317 179 4383 de
199 4312 367 4382 Paracleto
388 4318 465 4380 olim
484 4317 581 4394 dixit,
612 4316 684 4389 „ille
714 4336 774 4378 vos
795 4314 926 4377 docebit
955 4320 1100 4396 omnia“,
1131 4321 1177 4384 sic

131 4421 180 4500 dc
198 4420 322 4487 vicarie
337 4419 392 4485 illo
412 4420 521 4486 dicere
541 4440 615 4484 eum
628 4414 826 4503 oportuerit,
846 4415 880 4480 in
893 4419 1007 4487 eoelum
1019 4439 1174 4491 coriscen-
