2618 5108
158 785 231 860 286
310 781 366 858 Ad
388 781 659 883 Imperatorem
677 784 866 862 Caesarem
891 788 1063 865 Carolum

156 980 238 1044 Nam
271 989 307 1042 ut
332 977 516 1060 hujusmodi
550 981 770 1057 consulerent,
807 981 1038 1046 circumsedere
1068 990 1116 1058 te,
1149 991 1183 1045 et

159 1092 355 1163 occuparunt
375 1082 556 1144 sacerdotes
578 1081 636 1144 tui.
683 1081 838 1145 Libenter
863 1083 948 1145 enim
978 1084 1018 1145 ad
1038 1083 1183 1145 Romana

156 1193 401 1266 quantacunque
421 1185 539 1244 scelera
565 1180 755 1258 connivent,
788 1204 854 1266 quo
873 1183 977 1246 minus
1004 1184 1031 1245 si
1050 1186 1104 1245 liat
1123 1182 1182 1244 illis

137 1282 357 1360 intercessio,
386 1282 446 1364 ipsi
467 1304 599 1366 quoque
618 1282 787 1365 aliquando
808 1295 962 1364 cogantur
977 1284 1010 1345 in
1025 1282 1182 1347 ordinem.

155 1385 206 1446 'l'u
228 1404 323 1460 vero,
345 1405 407 1467 qua
424 1382 522 1446 uteris
544 1384 767 1458 excusatione,
797 1385 886 1467 quod
905 1406 979 1461 eos,
1000 1384 1054 1468 qui
1075 1395 1107 1446 te
1127 1386 1180 1465 pie

152 1495 301 1560 monent,
322 1496 354 1546 et
372 1482 504 1546 sanioris
524 1482 646 1545 consilii
666 1494 792 1545 autores
812 1504 883 1547 esse
895 1487 1025 1560 volunt,
1046 1485 1180 1568 nequid

152 1586 279 1648 tandem
298 1584 355 1659 sit,
377 1585 465 1667 quod
485 1582 687 1662 exigentibus
708 1583 773 1647 istis
793 1584 898 1647 amicis
919 1587 981 1649 tuis
1002 1607 1066 1647 nou
1080 1586 1182 1648 inser·

153 1687 242 1761 vias,
270 1684 380 1747 edictis
405 1685 541 1765 flagellas
570 1681 649 1763 jam,
678 1699 751 1765 post
777 1687 871 1767 paulo
891 1685 988 1748 exilio
1020 1707 1057 1748 ac
1076 1698 1180 1749 morte

152 1790 319 1867 puniturus
340 1784 398 1846 es?
428 1785 480 1845 Sic
505 1785 590 1846 eninr
617 1781 733 1864 jactant
758 1784 826 1861 isti,
859 1787 942 1848 etin
975 1788 1040 1849 duo
1071 1787 1179 1850 edicto

151 1887 340 1948 continetur.
380 1887 488 1966 Quare
506 1883 597 1946 etiam
613 1885 702 1967 quasi
722 1908 907 1968 oppressum
921 1885 983 1968 jam
999 1898 1176 1954 Latiarum

56 1973 63 1979 ⁴
150 1987 284 2050 invicem
309 1986 370 2050 sibi
400 1986 610 2065 gratulantur,
644 1985 720 2048 mihi
749 1987 1021 2051 inclementissima
1041 2012 1178 2075 quaeque

151 2087 362 2151 demittantur.
409 2085 507 2167 Quod
530 2096 567 2147 ut
586 2107 695 2165 pares,
729 2088 954 2168 nonydcsinarn
974 2100 1076 2153 tamen
1098 2094 1178 2155 velle

150 2210 278 2252 servare
297 2200 346 2263 te,
374 2185 492 2248 etiamsi
518 2196 553 2246 tu
573 2206 624 2246 me
643 2187 778 2265 perdere
799 2189 939 2271 cogites,
969 2193 1020 2252 vel
1039 2191 1176 2255 invitum

148 2292 310 2353 retrahere
338 2289 481 2366 elapsu,
506 2285 644 2348 retinere
671 2288 814 2364 aruina,
846 2310 999 2352 revocare
1030 2297 1175 2374 aperdi·

148 2390 254 2465 tione,
287 2387 439 2450 conabor.
488 2387 551 2449 Sed
571 2388 611 2449 de
631 2409 681 2449 me
702 2388 789 2452 Deus
810 2399 842 2449 et
863 2390 1004 2452 Fortuna
1024 2394 1174 2474 viderint,

149 2489 183 2554 in
202 2489 365 2570 praesentia
384 2510 454 2551 esse
474 2488 579 2570 triagni
598 2492 747 2550 momenti
776 2490 936 2568 existimo,
970 2496 1175 2575 quemadmo-

149 2592 226 2655 dum
247 2591 300 2654 abs
313 2603 343 2652 te
356 2601 506 2653 tractetur
523 2598 693 2654 Lacheros·
714 2592 785 2653 Non
799 2595 900 2654 solum
920 2597 1008 2676 quoti
1022 2596 1174 2660 innocen·

148 2706 214 2759 tem
233 2693 372 2756 damnari
392 2692 605 2773 turpissimum
618 2690 733 2766 fuerit,
755 2695 972 2755 verumetiam
987 2697 1075 2779 quod
1089 2698 1173 2761 harrd

63 2863 65 2866 ,
148 2799 231 2872 scio,
252 2819 290 2858 an
302 2792 394 2876 pejus
407 2788 548 2869 aliunde,
570 2811 664 2875 quam
682 2792 721 2854 ab
732 2791 826 2874 hujus
841 2797 1047 2876 oppressione
1065 2818 1173 2861 exem·

146 2901 234 2982 plum
253 2899 421 2960 demanare
441 2895 550 2974 possit.
603 2895 684 2956 Nam
715 2893 787 2977 quis
813 2897 912 2959 libere
939 2897 996 2959 tibi
1015 2901 1193 2972 consulet,

147 3000 177 3064 si
193 2999 360 3062 suadentes
394 2995 479 3058 utilia
507 3015 573 3057 non
595 2993 694 3076 gratia
722 3006 840 3059 tanturn
859 3020 926 3060 non
946 3000 1081 3082 excipit,
1114 3002 1171 3065 sed

145 3120 239 3184 poena
259 3099 351 3162 etiam
370 3095 500 3160 manet?
526 3096 668 3176 Tempus
688 3096 762 3172 erit,
783 3119 882 3181 quum
900 3121 1016 3181 magno
1031 3113 1171 3182 emptum

144 3203 234 3267 voles
256 3202 348 3262 talem
369 3198 424 3260 tibi
443 3198 643 3262 monitorem.
684 3197 748 3279 Qui
767 3220 827 3280 pro
849 3212 960 3282 putare
984 3224 1049 3264 non
1071 3205 1169 3266 debes

142 3323 263 3390 paucos
284 3322 354 3364 esse
374 3320 459 3360 nunc
477 3300 638 3362 sollicitos.
678 3301 758 3361 Nam
777 3298 836 3361 etsi
855 3304 969 3364 multos
988 3325 1054 3365 non
1065 3305 1168 3382 vides,

143 3408 200 3494 qui
215 3403 336 3490 maguis
353 3402 395 3464 ita
410 3401 665 3463 contentionibus
681 3421 806 3462 causam
820 3402 900 3462 hanc
917 3405 1002 3482 apud
1018 3415 1049 3465 te
1062 3418 1167 3489 agant,
1227 3406 1230 3409 ’

140 3521 245 3573 tamen
275 3507 349 3590 quia
378 3501 551 3586 proclivius
583 3523 708 3582 semper
738 3502 800 3565 tuit
828 3503 992 3565 Germanis
1018 3505 1167 3570 faciendo
1218 3563 1220 3566 ,

140 3598 236 3676 iebus
261 3612 341 3684 suis,
370 3627 463 3689 quam
483 3605 648 3684 loquendo
669 3605 853 3679 consulere,
887 3605 966 3668 scias
988 3605 1078 3668 bonis
1100 3630 1167 3672 om·

140 3711 233 3774 nibus
260 3711 464 3771 vehementer
489 3727 570 3768 curae
597 3723 667 3768 esse
693 3714 829 3769 Lutheri
853 3704 1113 3784 incolumitatem,
1134 3709 1165 3784 ⁶)

140 3812 240 3896 idque
258 3813 373 3872 multos
393 3808 530 3870 fremere
550 3827 650 3882 nunc,
672 3808 762 3890 quod
776 3805 884 3868 induci
909 3826 961 3883 tu,
981 3818 1016 3869 ut
1030 3809 1167 3873 edictum

139 3915 201 3979 hoc
229 3929 443 3991 proponeres,
480 3906 634 3990 potueris.
687 3908 739 3968 Tu
770 3928 849 3970 vero
886 3909 963 3992 quid
1001 3921 1166 3988 exspectas

143 4012 320 4079 orationem
341 4011 455 4085 abiis,
485 4030 623 4091 quorum
643 4029 685 4069 ex
706 4008 871 4086 gemitibus
892 4020 924 4070 et
943 4009 1058 4085 tristia,
1087 4010 1166 4094 quid

138 4114 254 4190 velint,
274 4110 441 4194 intelligis?
462 4109 559 4191 Quod
573 4119 609 4170 ut
627 4108 765 4185 nonsit,
788 4120 891 4171 tamen
908 4110 1049 4172 dicendae
1064 4132 1165 4175 causa

138 4217 223 4281 baud
241 4216 340 4279 debes
360 4224 395 4274 tu
415 4221 605 4292 potestatem
625 4210 784 4293 denegare
796 4209 852 4272 uili
871 4211 989 4272 nedum
1004 4212 1163 4295 dignitatis

137 4328 199 4382 urae
223 4312 390 4380 adsertori.
426 4313 478 4378 Da
503 4331 597 4377 causa
625 4302 757 4395 quidem
783 4310 812 4374 si
831 4310 912 4394 quid
938 4313 1081 4391 dubitas,
1110 4315 1164 4378 vel

175 4543 204 4605 ⁸)
221 4552 446 4601 incolumitatem:
469 4548 577 4596 salntem.
