2618 5108
145 838 191 911 38
363 832 406 907 In
431 834 635 907 Lutherum
659 831 763 906 Bulla
786 832 935 907 Leonis.

143 1024 327 1110 plenissimo
345 1029 435 1090 salvo
455 1027 633 1102 conductu,
667 1047 763 1109 quem
788 1048 831 1088 ex
850 1048 937 1090 nunc
954 1030 1171 1106 concedimus,

145 1127 333 1204 deserenda,
364 1149 424 1193 nos
444 1128 598 1191 certiores
626 1127 756 1215 efficiat,
783 1140 818 1190 nt
837 1131 877 1192 de
897 1127 967 1209 ejus
988 1150 1064 1191 vera
1093 1131 1171 1193 obe-

145 1230 263 1293 dientia
292 1232 396 1294 nullus
416 1229 620 1293 dubitationis
648 1231 815 1311 scrupulus
836 1233 936 1294 valeat
955 1252 1129 1295 remanere.
1143 1235 1171 1310 a)

144 1333 231 1397 Alias
263 1331 290 1394 si
320 1331 424 1414 (qnod
444 1330 537 1407 absit)
549 1331 576 1407 t)
603 1328 762 1394 Martinus
790 1329 954 1409 praefatus,
992 1337 1171 1414 complices,

143 1433 306 1506 fautores,
328 1433 521 1494 adherentes
541 1441 573 1492 et
591 1447 806 1510 receptatores
825 1432 965 1512 praedicti
985 1454 1076 1496 secus
1097 1457 1174 1518 ege·

144 1531 228 1607 rint,
249 1552 307 1594 seu
327 1532 482 1613 promissa
496 1531 602 1594 omnia
614 1543 645 1594 et
664 1532 788 1615 singula
807 1534 890 1598 infra
910 1537 1078 1599 terminum
1093 1558 1174 1615 prn-

144 1633 264 1697 dictum
282 1654 354 1696 eum
374 1635 489 1697 ellectu
509 1655 576 1696 non
596 1635 854 1714 adimpleverint,
881 1635 1030 1717 &ostoli
1050 1637 1173 1699 imitan-

144 1747 191 1801 tes
223 1736 413 1810 doctrinam,
451 1734 508 1809 qui
536 1736 716 1799 haereticum
752 1737 912 1805 hominem
939 1751 1013 1819 post
1040 1742 1174 1821 primam
1223 1736 1228 1747 '

144 1848 176 1899 et
207 1836 379 1901 secundam
406 1837 641 1915 correptionem
667 1836 830 1900 vitandum
858 1840 986 1913 docuit,
1018 1861 1060 1903 ex
1088 1864 1174 1904 nunc

143 1949 240 2020 prout
260 1958 301 1998 ex
322 1947 398 1999 tunc
417 1950 449 1999 et
471 1958 660 2002 econverso
673 1939 701 2011 c)
722 1939 858 2000 eundem
870 1940 1063 2017 lllartinunt,
1085 1964 1173 2005 cotn-

143 2038 257 2120 plices‚
277 2039 487 2114 adherentes,
515 2039 656 2102 lautores
677 2051 709 2101 et
729 2050 944 2122 receptatores
971 2043 1119 2124 praelatos
1140 2055 1173 2106 ct

144 2157 258 2206 eorutn
276 2141 450 2225 quemlibet
468 2154 617 2224 tanquam
635 2139 741 2203 aridos
761 2141 901 2221 palmites
918 2139 950 2202 in
965 2139 1093 2204 Christo
1107 2166 1173 2207 non

141 2255 322 2317 manentes,
349 2244 407 2305 sed
427 2243 602 2304 doctrinam
622 2242 812 2304 contrariam
839 2240 997 2302 catholicae
1016 2242 1092 2305 fidei
1112 2245 1188 2306 ini-=

143 2343 255 2406 micam
275 2342 342 2402 sive
361 2344 575 2406 scantlalosam
595 2363 652 2404 seu
674 2342 863 2410 damnatam,
888 2341 920 2402 in
940 2362 1006 2403 non
1018 2346 1173 2409 modicam
1221 2326 1225 2332 ,

143 2447 297 2509 offensam
334 2444 447 2508 dirime
477 2440 647 2523 majestatis
683 2463 719 2504 ac
748 2441 934 2509 universalis
968 2444 1108 2508 ecclesiae
1140 2457 1174 2510 et

142 2546 217 2611 fidei
238 2547 396 2610 catholicae
416 2545 640 2608 detrimentum
659 2556 691 2607 et
710 2545 890 2607 scandalum
911 2544 1172 2626 dogmatizantes,

141 2650 245 2710 claves
282 2668 414 2730 quoque
450 2646 588 2709 ecclesie
601 2647 628 2721 t)
665 2644 916 2725 vilipendentes,
962 2645 1109 2708 notorius
1141 2657 1174 2710 et

142 2745 318 2832 pertinaces
354 2747 518 2811 haereticos
551 2747 663 2808 eadem
690 2745 879 2808 authoritate
906 2745 1008 2810 fuisse
1040 2758 1072 2808 et
1102 2767 1173 2811 esse

142 2851 350 2925 declarantes,
377 2850 508 2911 eosdem
527 2859 563 2910 ut
583 2849 659 2911 tales
679 2848 788 2909 harum
810 2843 894 2908 serie
914 2848 1171 2926 condemnamus,

141 2969 173 3015 et
192 2972 249 3014 eos
282 2972 342 3032 pro
364 2949 475 3011 talibus
506 2948 614 3011 lraberi
642 2947 681 3011 ab
710 2945 856 3014 omnibus
884 2948 1054 3031 utriusque
1074 2971 1172 3014 serua

140 3050 405 3119 christifidelibus
434 3048 621 3132 supradictis
647 3049 794 3110 volumus
816 3059 848 3112 et
873 3050 1073 3126 mandamus3
1100 3073 1174 3114 eos·

140 3149 205 3238 que
226 3174 336 3216 omnes
364 3163 397 3215 et
416 3152 558 3233 singulos
579 3148 724 3212 omnibus
743 3148 932 3231 supradietis
959 3160 991 3210 et
1010 3150 1076 3212 aliis
1095 3172 1174 3214 eon·

138 3267 187 3317 tra
205 3256 282 3316 tales
302 3274 320 3313 a
338 3248 411 3333 jure
431 3251 556 3314 inflictis
576 3247 676 3332 poenis
695 3248 898 3332 presentium
915 3260 1030 3313 tenore
1042 3252 1174 3334 subjici.

138 3376 227 3431 ntus,
259 3364 291 3416 et
311 3353 432 3417 eisdem
452 3351 589 3414 irretitos
602 3350 629 3424 e)
650 3349 749 3414 fuisse
777 3361 809 3412 et
829 3371 899 3413 esse
918 3352 1119 3418 decernimus
1141 3370 1173 3419 et

139 3444 347 3520 declaramus.
388 3453 571 3516 lnhibemus
589 3462 741 3534 praeterea
759 3451 820 3512 sub
833 3451 977 3514 omnibus
995 3465 1027 3515 et
1038 3454 1172 3538 singulis

123 3557 304 3647 'premissis
323 3554 424 3638 poenis
444 3575 486 3617 eo
505 3552 576 3642 ipso
596 3551 813 3627 incurrendis,
834 3550 981 3616 omnibus
993 3565 1025 3617 et
1040 3555 1174 3642 singulte

173 3792 200 3862 a)
222 3794 360 3848 Nimium
380 3808 478 3848 eavea.

172 3878 204 3948 la)
223 3880 334 3949 Neque
353 3878 433 3932 onim
454 3895 470 3931 c
488 3894 522 3930 re
540 3885 590 3930 tua
610 3877 677 3934 erit.

172 3963 203 4031 e)
221 3964 355 4019 Pnlolrra
373 3963 500 4017 locutio.
538 3963 585 4018 En
604 3964 765 4018 consilium
786 3963 933 4019 Romana
951 3966 1054 4021 curiae.

171 4047 202 4118 d)
219 4049 293 4104 Non
312 4048 488 4103 vldcbamue
508 4050 609 4113 claves
622 4050 704 4118 jam,
723 4050 889 4121 imperator
906 4049 982 4108 Leo.
1020 4053 1070 4123 Tpt
1092 4051 1173 4108 enim

204 4134 318 4202 gladios
340 4150 561 4205 usurpamus,
580 4152 673 4204 quern
686 4135 817 4188 vidimus
836 4135 937 4190 multis
951 4153 1021 4190 oum
1033 4135 1169 4190 millibus

205 4219 234 4273 in
253 4218 360 4273 Urbini
390 4221 499 4273 ducem
531 4219 627 4287 ferri,
658 4237 695 4274 ac
725 4219 900 4288 sanguinem
927 4219 1171 4276 Christianorum

205 4303 343 4357 sundere.

168 4390 194 4457 e)
214 4390 282 4443 l‘loc
301 4388 372 4442 illnd
393 4398 436 4440 eet
455 4388 668 4458 Apostolicum
688 4399 753 4442 rete
765 4429 774 4455 ,
804 4406 866 4459 quo
886 4390 1045 4460 capiuntur
1065 4391 1166 4445 homi.

205 4491 261 4529 nes
279 4484 311 4528 ut
330 4481 465 4546 pereant.
502 4474 531 4529 0
549 4474 714 4529 novitatem
724 4461 749 4528 i.
