2618 5108
274 771 448 844 adversus
472 762 711 868 adspergincs
734 761 897 843 Hutteni.
1034 764 1109 845 dib

84 958 222 1042 Lucan,
248 963 282 1026 ln
303 978 367 1046 qna
384 971 470 1026 totus
490 981 591 1039 eram,
621 981 693 1028 cum
711 963 791 1026 hanc
809 956 991 1046 tragoediam
1013 975 1110 1028 exori

85 1068 207 1129 diretur
257 1069 436 1140 Hnttenus,
483 1074 705 1145 propugnator
743 1064 929 1146 Evangelici
975 1063 1112 1148 negotiia

86 1169 259 1243 ,Craterum
289 1168 320 1230 in
349 1167 494 1248 catalogo
525 1163 675 1246 promitto
695 1175 759 1227 tres
778 1165 930 1247 ‘dialogos
957 1167 1113 1229 arlversua

85 1270 289 1331 Lutherum.‘
316 1267 466 1330 Proferat
484 1264 559 1327 mihi
578 1267 639 1327 hoc
659 1266 793 1328 verbum
815 1265 999 1347 exscriptis
1018 1266 1097 1330 meis

90 1366 481 1443 „adversuerrlherum?“
501 1364 566 1443 Ajo
588 1365 825 1428 chutherano
845 1367 994 1449 negotio,
1015 1341 1111 1432 colla:

88 1468 209 1530 tionem
231 1470 350 1550 appello
375 1467 482 1529 aterius
513 1487 607 1550 quam
629 1467 892 1544 disputationem
927 1478 960 1529 et
978 1484 1034 1531 eos
1054 1467 1109 1550 ajo

87 1580 260 1649 conceptos
279 1566 375 1649 magis
397 1588 490 1652 quam
511 1569 669 1647 inceptos;
688 1587 747 1630 nec
763 1568 932 1630 admodum
952 1569 985 1632 in
1004 1570 1110 1635 animo

86 1689 156 1733 esse
176 1672 349 1750 perficere·
382 1667 523 1750 Quodsi
543 1667 727 1749 perfecero,
748 1689 814 1731 non
833 1670 1028 1752 prodituros,
1048 1672 1112 1736 nisi

86 1769 249 1832 autoribus
276 1768 340 1844 his,
374 1789 511 1851 quorum
538 1767 694 1831 intererit.
757 1771 800 1831 Et
836 1769 962 1834 interim
990 1790 1112 1836 moneo·-

87 1871 252 1945 l'eetorem,
285 1887 326 1930 ne
357 1891 397 1930 ex
428 1871 484 1931 hac
513 1867 741 1950 pollicitatione
768 1868 861 1931 faciat
880 1869 1112 1952 prejudicium,

87 1968 228 2034 Primum
246 1969 346 2051 igitur
363 1989 429 2030 non
448 1967 578 2049 promisi
598 1970 655 2032 hos
676 1970 835 2051 dialogos,
857 1981 899 2048 et,
920 1971 946 2035 ri
966 1973 1109 2055 promisi,

86 2092 153 2134 non
172 2070 303 2152 promisi
324 2071 459 2150 populo,
488 2069 545 2132 sed
565 2069 713 2132 Pontifici
734 2081 765 2133 et
786 2068 919 2150 Caesari,
939 2085 975 2135 ut
993 2075 1111 2141 horum

87 2172 217 2234 arbitrio
243 2171 295 2232 vel
325 2179 524 2250 premamur,
554 2170 604 2231 vel
635 2172 784 2247 edantur3
818 2181 851 2233 et
878 2171 911 2236 in
938 2175 986 2238 bis
1006 2186 1112 2240 tamen

87 2272 238 2356 promitto
258 2291 408 2332 summam
435 2291 510 2352 erga
529 2270 707 2335 Luthcrunt
727 2274 912 2356 aequitatem.
961 2275 1024 2355 (lui
1050 2274 1112 2339 scit'

87 2375 185 2454 igitur
204 2375 386 2448 Huttrnus,
417 2392 456 2434 an
480 2370 528 2433 bis
547 2371 679 2454 dialogis
700 2373 912 2438 sublevandus
931 2374 970 2439 sit
989 2377 1111 2440 Lethea

87 2495 159 2550 rus,
191 2495 230 2535 an
258 2462 470 2552 affligendus?
503 2473 583 2536 Nam
608 2478 778 2556 utrumque
804 2476 874 2538 lieri
892 2487 1011 2558 potest,
1037 2497 1110 2542 cum

88 2577 151 2639 illic
171 2574 337 2637 adiuturus
359 2572 413 2648 sit,
445 2572 501 2655 qui
520 2572 656 2635 Lutberi
682 2583 785 2653 partes
804 2586 885 2658 agat.
923 2577 992 2641 Jam
1012 2576 1112 2640 audio

89 2678 244 2762 quosdam
264 2672 425 2737 dieentes:
450 2672 590 2746 „Interea
609 2672 776 2754 suspendis
796 2674 958 2739 hominum
978 2677 1114 2754 animos,

88 2768 229 2862 quinon
249 2775 457 2856 pronunties,
479 2773 556 2857 quid
575 2773 689 2836 sentias
709 2775 749 2836 de
761 2775 932 2838 Luthero.“
970 2775 1111 2840 Primum

87 2898 147 2942 nec
166 2889 272 2954 vacat,
297 2875 463 2939 intendere
481 2873 529 2938 bis
549 2894 619 2958 que
637 2876 732 2937 multa
750 2874 859 2938 scribit
878 2878 1056 2955 Lutherus3
1075 2887 1110 2940 et

87 2977 114 3041 ai
143 2988 268 3041 vacaret
303 2979 343 3040 de
375 2986 442 3039 toto
469 2975 601 3060 negotio
627 2976 850 3062 pronuntiare,
890 2978 986 3062 longe
1014 3001 1129 3061 supra.

87 3079 172 3141 v‘ires
206 3096 291 3139 meas
317 3087 377 3138 est.
434 3074 519 3158 Quid
546 3085 649 3139 autem
676 3077 901 3156 pronuntiem?
944 3079 978 3142 Si
1007 3091 1111 3146 totum

88 3179 264 3240 Lutberum
301 3176 460 3250 damnem,
491 3173 685 3250 video,·cui
718 3177 799 3263 parti
834 3179 945 3242 addam
976 3174 1107 3261 animos,

87 3289 119 3342 et
139 3293 290 3363 quantum
308 3275 483 3336 bonorum.
498 3274 639 3338 obruam.
686 3277 719 3340 Si
743 3283 845 3342 totum
864 3280 1016 3361 probem,
1043 3280 1109 3364 pri·

87 3397 171 3443 mum
191 3378 302 3440 fecero
330 3385 531 3458 arroganter,
558 3376 615 3458 qui
641 3367 806 3457 probem,
824 3401 893 3461 quae
924 3381 1009 3445 sorte
1039 3402 1107 3444 non
1192 3364 1197 3379 ’

88 3477 238 3562 intelligo.
277 3477 402 3541 Deinde
422 3472 593 3555 conjecero
612 3497 662 3538 me
682 3475 716 3537 in
734 3477 920 3555 factionem,
949 3502 1018 3564 quae
1037 3482 1108 3563 plu·

87 3584 184 3646 r'imos
203 3582 307 3657 habet,
328 3599 400 3641 cum
420 3576 535 3661 quibua
547 3575 621 3638 mibi
636 3577 711 3638 nibil
724 3579 817 3639 velim
835 3599 904 3640 esse
918 3578 1110 3642 commercii.

87 3683 151 3765 Qui
169 3676 346 3745 Lutherum
369 3680 520 3752 oderunt,
551 3675 642 3763 etiam
662 3696 712 3738 me
732 3687 854 3741 tacente
874 3679 1028 3754 oderunt,
1050 3690 1107 3764 qui

84 3785 209 3856 lavent,
239 3804 305 3843 non
333 3781 406 3842 ideo
427 3777 567 3858 flagitant
586 3797 684 3839 meam
704 3778 904 3853 sententiam,
929 3791 965 3841 ut
984 3802 1108 3864 aeqrrum

86 3881 232 3957 audiant,
267 3882 322 3941 sed
351 3891 386 3941 ut
416 3879 549 3963 habeant
569 3899 632 3939 suae
652 3879 811 3941 sententiae
831 3892 1109 3964 propugnatorem.
1152 3948 1157 3956 ,

87 3985 120 4047 Si
140 3983 278 4046 (livisero
299 3980 500 4055 sententiam,
525 3977 655 4061 utrique
682 3979 762 4059 parti
794 3981 934 4062 quadam
954 3983 1108 4063 tribuens,
1207 4009 1210 4016 ¹

90 4085 231 4168 quaedam
253 4081 407 4155 adimens,
437 4079 586 4162 utrinque
607 4099 658 4141 me
679 4079 910 4142 dilacerandum
929 4082 1107 4163 praebuero,

85 4207 145 4248 nec
182 4184 285 4259 aliud,
323 4200 417 4264 quam
456 4198 559 4242 novos
599 4179 739 4241 excitato
779 4182 940 4242 tumultus.
997 4182 1108 4266 ltaque

85 4286 160 4350 milri
194 4283 367 4347 consultius
406 4280 508 4343 visum
545 4291 612 4357 est,
643 4280 694 4342 hic
726 4272 971 4365 conquiescere,
1005 4284 1109 4348 donec

85 4386 250 4469 Principes
270 4396 302 4447 et
321 4380 451 4459 cruditi,
471 4379 588 4443 studiis
606 4382 752 4461 omissis,
773 4393 924 4465 expetant
948 4404 984 4449 ea
1004 4385 1107 4450 consi·

653 4478 679 4511 'b
