2618 5108
624 1428 669 1500 Β.

134 1670 299 1745 Martino
325 1673 512 1763 Luther0,
538 1671 747 1771 Theolog0,
773 1669 1022 1771 Evangelistae
1047 1648 1161 1746 invie-

160 1811 317 1902 tissimo,
343 1810 461 1885 amico
480 1836 507 1885 s.
523 1808 682 1885 Salutem
701 1811 737 1886 in
762 1810 907 1886 Christo
926 1810 1134 1889 Servatore.

552 2053 746 2071 ψ

140 2242 236 2361 Quis
256 2285 425 2353 consurget
444 2273 519 2337 mihi
530 2275 698 2339 adversum
712 2275 940 2359 malignantes?
958 2286 990 2339 et
1010 2274 1082 2360 quis
1101 2283 1164 2337 sta·

139 2374 184 2437 bit
210 2394 334 2437 meeum
367 2374 520 2438 adversus
547 2387 715 2456 operantes
748 2377 962 2455 iniquitatem?
997 2377 1163 2453 (Servator

140 2474 283 2550 Christe,
311 2473 444 2538 coelestis
464 2475 575 2552 Pater,
605 2489 637 2538 et
655 2477 785 2541 Sacrum
805 2484 914 2550 πνεῦμα
924 2477 946 2554 l)
968 2479 1046 2559 Quae
1069 2495 1165 2560 quam

137 2575 257 2639 atrocia
277 2575 390 2651 audio,
418 2575 502 2638 furia
521 2597 588 2638 non
607 2587 655 2638 est
674 2576 756 2639 iuria
786 2600 849 2659 prae
876 2579 1010 2643 istorum
1040 2575 1165 2638 lurore.

140 2678 231 2759 Opus
254 2697 323 2740 esse
343 2677 436 2739 video
456 2677 583 2759 gladiis,
605 2688 636 2738 et
655 2678 810 2756 arcubus,
832 2677 952 2762 sagittis
971 2689 1003 2740 et
1015 2676 1165 2740 bombar-
1203 2748 1209 2763 ι

140 2778 204 2854 dis,
226 2788 262 2839 ut
282 2768 452 2841 obsistatur
464 2775 722 2841 cocodaernonuin
735 2779 871 2841 insaniae.
909 2779 954 2841 Ar
972 2789 1025 2854 tu,
1046 2777 1166 2859 optime

139 2881 253 2954 Pater,
291 2879 394 2942 animo
415 2880 613 2956 confortare,
647 2899 707 2941 nec
735 2891 766 2941 te
786 2878 1030 2943 convellendum
1048 2877 1166 2957 praebe.

140 2981 286 3047 Clament
297 2981 368 3056 isti,
388 2979 608 3042 vociferentur
622 2991 654 3041 et
664 2979 796 3044 rabiant.
811 3036 817 3053 ,
836 2982 890 3044 Tu
901 2978 1013 3043 belluis
1025 2978 1167 3043 medium

140 3081 275 3165 digitum
298 3080 443 3144 ostende.
490 3081 596 3163 Magis
617 3101 653 3141 ae
679 3083 777 3161 magis
803 3081 916 3159 video,
952 3079 1167 3162 lavere-opti·

141 3206 228 3249 ruum
249 3205 409 3268 tpromque
438 3183 511 3257 tibi,
544 3203 610 3244 non
637 3181 757 3244 carebis
786 3180 1029 3255 defensoribus3
1059 3200 1167 3263 neque

140 3288 277 3350 deerunt
293 3305 433 3368 unquam
449 3282 590 3364 vindices
611 3283 679 3346 tibi.
709 3284 787 3364 Quae
805 3282 932 3357 scribis,
952 3292 1077 3345 secreto
1098 3290 1167 3343 aeta

142 3401 266 3462 tecum,
294 3396 443 3462 nonest,
475 3395 510 3447 ut
528 3383 695 3446 consilium
719 3384 830 3446 demus
850 3403 910 3445 nos
923 3406 931 3458 ;
956 3380 1168 3466 nequeenim

144 3488 340 3561 dubitamus,
375 3485 471 3570 quin,
504 3483 657 3565 optimum
690 3486 778 3568 quod
818 3483 896 3560 erit,
925 3484 1082 3546 electurus
1112 3483 1166 3558 sis,

143 3591 228 3654 etin
249 3609 289 3649 eo
310 3585 497 3670 perstitnrus
517 3584 698 3648 fortissime.
736 3585 832 3647 Multi
855 3585 1004 3649 adierunt
1017 3601 1085 3659 me,
1106 3602 1167 3664 pro

145 3711 205 3754 suo
226 3689 258 3752 in
280 3699 312 3751 te
331 3687 435 3752 studio
454 3686 663 3748 sollicitudine
676 3696 841 3749 monentes
854 3687 937 3748 hee:
957 3684 1083 3748 Utinam
1100 3703 1168 3745 non

144 3789 286 3854 deficiat!
337 3787 458 3851 utinam
486 3797 669 3849 constanter
695 3788 903 3866 respoudeat!
935 3785 1054 3847 utinam
1080 3785 1167 3845 nullo

144 3901 268 3955 terrore
277 3890 359 3954 sinat
371 3886 491 3968 deponi
503 3907 549 3948 se.
568 3887 779 3951 Pertinaciter
792 3885 970 3961 adfirmavi,
993 3892 1168 3948 Laeter-nm

144 3994 217 4059 fore
238 4008 280 4057 te.
317 3994 432 4074 Neque
452 4009 502 4051 me
522 3987 635 4051 fefellit
653 3986 781 4069 opinio,
807 3986 854 4050 sic
873 4008 923 4049 me
942 3985 1083 4068 intelligo
1102 4005 1169 4049 res·

143 4095 311 4180 pondisse,
343 4105 378 4155 ut
398 4091 473 4153 nihil
499 4089 680 4154 desiderare
711 4088 892 4151 debeamus.
938 4085 1002 4148 Sed
1020 4086 1053 4146 in
1073 4088 1170 4149 finem

144 4217 250 4281 usque
276 4213 457 4277 persevera.
501 4193 574 4254 Hoc
602 4190 681 4254 laxit
707 4188 869 4262 Christus,
901 4197 936 4248 ut
960 4206 1075 4264 magno
1108 4205 1168 4248 suo

145 4319 220 4362 curn
239 4298 352 4360 dolore
371 4295 467 4356 talem
488 4303 520 4352 te
540 4291 703 4354 inveniant
722 4289 875 4372 improbi!
908 4285 1005 4368 Cogit
1024 4307 1074 4349 rne
1095 4285 1170 4349 ami·

144 4420 258 4463 eorum
275 4394 632 4482 prudentia-verentes
645 4393 775 4456 nimium
793 4388 912 4474 aliquid
932 4408 1094 4464 ausurum,
1117 4387 1171 4451 ad·
