2618 5108
195 807 263 883 tta
489 805 692 883 Praedones
738 804 928 908 Dialogus.

579 998 833 1065 Franciscus.

268 1100 458 1164 immodeste
474 1101 580 1176 nimis,
600 1099 627 1163 si
643 1119 719 1162 vera
737 1100 911 1179 meuserit,
932 1111 964 1165 et
979 1097 1091 1183 inique
1110 1098 1165 1163 ebs
1186 1109 1219 1161 te

191 1200 321 1264 iactum.
364 1203 446 1264 Nam
472 1212 507 1263 ut
534 1201 573 1263 ad
603 1222 655 1263 me
681 1202 771 1283 quod
800 1201 953 1282 pertinet,
983 1200 1127 1284 pluribus¹
1152 1220 1221 1262 uon

189 1324 357 1379 excusem,
377 1303 436 1366 scit
449 1302 633 1379 Germania,
655 1301 758 1364 sciunt
777 1303 919 1379 finitimi,
941 1313 973 1365 et
994 1302 1027 1364 in
1047 1300 1135 1364 fastis
1154 1298 1221 1379 jam

190 1414 254 1480 est,
286 1416 382 1488 atque
402 1404 581 1479 annalibus,
611 1404 731 1466 nemini
750 1424 890 1488 unquam
909 1403 1058 1466 nocuisse
1077 1421 1145 1479 me,
1166 1401 1222 1466 cui

188 1524 255 1567 uon
274 1517 347 1568 ante
366 1505 483 1568 bellum
502 1503 682 1567 indixerim.

595 1621 819 1685 Mercator.

263 1719 347 1784 Dico
366 1720 477 1798 etiam,
497 1743 564 1784 non
583 1720 680 1786 licere
707 1721 800 1783 vobis
820 1720 970 1807 cuiquam
989 1719 1132 1783 indicere
1149 1717 1220 1782 bel·

187 1820 270 1898 lum,
291 1833 386 1885 utne
407 1833 518 1904 putes,
537 1822 654 1903 optime
676 1833 861 1885 excusatum
880 1833 927 1899 te,
947 1820 975 1885 si
985 1823 1048 1885 hoc
1060 1831 1220 1905 praetextu

185 1920 300 2004 rapias.

477 2040 483 2079 ¹
576 2039 832 2103 Franciscus.

261 2139 349 2221 Quid
375 2140 437 2203 tu?
466 2142 530 2205 hoc
558 2140 654 2218 dicis,
685 2161 793 2221 neque
824 2139 921 2203 licere
949 2138 1068 2204 bellum
1098 2157 1217 2223 gerere

183 2237 295 2317 nobis,
314 2261 422 2324 neque
442 2239 610 2304 indicere?

591 2357 810 2420 Mercator.

258 2453 419 2537 Equidem
435 2455 527 2533 dico,
550 2458 619 2520 sine
639 2459 824 2541 Principum
845 2457 1013 2520 autoritate
1032 2477 1100 2520 non
1118 2454 1217 2520 licere

180 2552 285 2618 vobis.

564 2674 817 2758 Franciscus.
885 2710 888 2720 ·

256 2772 359 2855 Igitur
379 2792 420 2834 ex
441 2783 472 2834 te
494 2794 621 2857 qnaero,
643 2777 715 2840 licet
736 2798 808 2841 esse
827 2773 974 2838 nobiles?

583 2892 798 2957 Mercator.

253 2989 370 3055 Licere
388 3003 479 3073 puto.
826 2987 828 2991 ⁴

570 3109 827 3177 Franciscus.

256 3207 340 3269 Tum
360 3229 420 3287 pro
439 3209 599 3272 nobilibus
621 3215 681 3274 soli
701 3213 836 3276 habendi
857 3223 930 3273 sunt
943 3206 1137 3291 Principes?

582 3328 808 3393 Mercator.

253 3425 329 3487 Non
355 3424 430 3500 soli;
461 3448 533 3489 nam
560 3439 592 3489 et
623 3429 785 3494 inferioris
813 3431 931 3513 gradm
969 3438 1105 3494 Comites
1127 3441 1214 3486 voco

178 3523 319 3603 nobiles,
351 3547 459 3610 neque
484 3549 551 3589 non
577 3532 740 3593 vocandos
770 3552 828 3593 vos
856 3542 953 3611 puto,
984 3529 1041 3591 sed
1067 3537 1211 3592 eatenus,

177 3638 334 3710 quatenus
354 3649 428 3690 cum
445 3629 564 3690 virtute
577 3629 695 3693 vivitis.
734 3633 813 3693 Nam
827 3634 891 3693 haec
909 3630 1006 3692 infixa
1025 3615 1214 3709 jampridem

178 3725 289 3808 opinio
300 3728 376 3794 mihi
387 3741 452 3804 est,
471 3752 577 3814 neque
589 3743 668 3813 puto
680 3732 838 3795 eximetur
848 3753 1007 3814 unquam,
1028 3753 1069 3793 ex
1083 3740 1214 3794 Virtute

177 3827 372 3892 nobilitatem
392 3830 539 3910 coepisse,
562 3832 726 3911 desinere,
747 3856 819 3897 cum
839 3855 856 3894 a
875 3833 994 3894 virtute
1013 3830 1159 3894 discedit.

572 3949 825 4013 Franciscus.

254 4047 355 4111 Recte
384 4048 446 4123 ais;
480 4049 526 4112 sic
561 4049 646 4111 enim
672 4073 808 4126 censeo,
836 4050 986 4112 virtutem
1012 4034 1211 4113 haereditario

176 4168 244 4212 non
265 4149 423 4231 relinqui,
445 4162 476 4211 et
496 4162 530 4214 ut
551 4152 679 4215 maximi
699 4153 836 4237 quisque
856 4150 966 4234 flagitii
983 4149 1131 4212 conscius
1150 4149 1212 4213 sibi

175 4252 228 4327 lit,
256 4250 299 4313 ita
328 4250 510 4314 habendum
536 4263 627 4315 extra
646 4253 841 4317 nobilitatem
870 4251 1096 4326 remotissime,
1118 4255 1212 4314 etiam

175 4351 332 4433 Princeps
355 4352 512 4417 siluerit.
550 4356 666 4438 Neque
695 4376 799 4437 nego,
832 4354 983 4418 excidere
1011 4353 1212 4434 amajorum

172 4479 306 4528 suorum
333 4456 531 4538 praestantia,
567 4456 712 4539 quisquis
743 4458 841 4533 l'acta,
870 4476 942 4539 quaa
973 4455 1044 4519 illos
1063 4454 1211 4520 nobilita·
