2618 5108
194 831 263 907 tto
510 832 679 912 Monitor
718 832 914 908 ncundus.

582 1028 839 1092 Franciscus.

268 1128 352 1193 Mihi
382 1148 502 1194 summa
527 1142 639 1196 contra
666 1129 799 1206 fiducia,
837 1126 928 1213 quod
953 1122 1073 1189 Christi
1099 1145 1226 1190 causam

188 1240 241 1295 ltte
260 1250 357 1314 agere
379 1232 458 1297 scio.

607 1346 807 1412 M'onitor.

267 1449 376 1532 Atque
401 1471 476 1531 ages
496 1464 603 1526 cetto,
623 1462 655 1512 et
674 1470 787 1511 verum
807 1458 874 1520 est,
895 1447 984 1530 quod
997 1445 1087 1528 ajunt
1101 1464 1164 1526 ope
1181 1456 1226 1522 te,

188 1559 284 1632 atque
296 1550 431 1632 opibus,
451 1552 604 1636 omnique
623 1551 655 1614 vi
668 1549 804 1615 Lutheri
821 1551 970 1626 salutem,
991 1569 1009 1609 a
1028 1567 1226 1634 quocunque

185 1661 319 1733 ‘petatur
337 1651 640 1737 propugnaturum?

394 1844 398 1851 ,
574 1769 829 1833 Franciscus.

267 1869 410 1946 Verum,
432 1873 542 1934 utrix
566 1870 695 1958 aliquid.

607 2005 803 2067 Monitor.

268 2105 371 2187 Quam
398 2126 459 2187 pro
485 2116 517 2169 te
537 2107 687 2170 sollicitus
708 2106 805 2191 igitur
832 2124 920 2180 sum,
947 2123 989 2166 ne
1016 2122 1110 2165 omne
1131 2100 1227 2166 liher-

190 2203 261 2269 tetis
282 2208 463 2288 exemplum
490 2227 736 2290 supergressus,
765 2205 896 2270 summis
914 2217 946 2267 te
974 2203 1123 2286 periculis
1143 2201 1229 2286 obji-

190 2306 275 2386 cias,
298 2319 330 2369 et
349 2308 464 2371 misere
483 2330 612 2393 pessum
633 2329 697 2371 eas.

573 2441 831 2506 Francisous.

268 2542 342 2625 Ego
362 2563 444 2607 vero
474 2543 625 2608 sollicitus
644 2565 712 2608 nou
731 2566 816 2619 sum,
848 2541 906 2604 sed
937 2541 1114 2603 curandum
1132 2539 1227 2603 valde

187 2641 359 2719 existimo,
392 2665 435 2708 ne
467 2643 586 2710 Christi
611 2643 646 2708 in
675 2667 726 2709 me
756 2642 905 2728 gratiam,
942 2642 998 2704 ubi
1033 2662 1128 2706 causa
1161 2643 1229 2704 hnc

188 2744 314 2826 agenda
332 2744 449 2823 luerit,
467 2747 638 2830 negligam.
685 2748 752 2810 lam
772 2747 856 2807 enim
877 2742 976 2826 magis
1003 2763 1041 2806 sc
1060 2741 1160 2825 magis
1178 2741 1230 2804 in·

189 2844 269 2929 cipit
290 2866 374 2909 curso
393 2867 465 2912 esse
483 2848 578 2924 mihi,
606 2849 732 2929 publica
759 2858 791 2911 et
812 2846 992 2911 Christiana
1009 2843 1175 2920 Libertas,
1196 2864 1230 2922 et

188 2946 286 3012 animi
305 2950 425 3025 ardeo,
446 2970 517 3012 cum
536 2951 632 3012 multa
652 2949 781 3030 pessimi
795 2946 935 3030 exempli
951 2945 1048 3008 video
1062 2945 1230 3008 admittere

189 3047 289 3125 istos,
309 3072 417 3135 neque
435 3072 571 3134 usquam
590 3051 698 3115 facere
717 3051 868 3126 modum,
889 3050 995 3114 omnia
1023 3050 1057 3112 in
1084 3049 1229 3112 deterius

191 3151 354 3226 mutandi,
376 3161 408 3213 et
426 3150 644 3233 pervertendi.
681 3153 735 3216 An
755 3151 985 3235 quiescendum
1005 3152 1036 3212 ei
1055 3149 1229 3227 arbitraris,

189 3248 373 3335 cuicunque
416 3253 506 3316 Deus
540 3252 631 3316 istam
664 3249 890 3338 cogitationem
928 3252 1072 3328 immisit,
1104 3263 1140 3316 ut
1164 3255 1232 3317 hec

188 3361 313 3432 repetat
335 3373 461 3428 secum,
481 3370 514 3415 et
533 3375 584 3416 me
604 3355 687 3417 iuter
706 3356 766 3417 hos
785 3374 933 3418 curarum
949 3357 1066 3418 fluctus
1080 3372 1232 3418 securum

189 3473 262 3516 esse
283 3450 348 3530 vis,
374 3474 445 3516 cum
466 3454 572 3517 animo
593 3454 736 3537 undique
767 3456 946 3531 incursant,
978 3476 1048 3538 quaa
1068 3454 1232 3518 nefandis-

92 3633 94 3639 !
190 3553 268 3618 sima
287 3565 472 3636 perpetrant
493 3555 571 3616 isti?
591 3567 625 3618 ut
645 3556 745 3636 patiar
764 3577 964 3619 communem
977 3555 1148 3637 depravari
1168 3567 1231 3621 ste-

190 3663 275 3731 tum,
303 3657 511 3738 imperatoris
533 3657 718 3741 dignitatem
737 3657 877 3721 ludibrio
898 3656 1026 3734 haberi,
1046 3659 1110 3722 imo
1132 3658 1232 3740 ipsam

193 3755 310 3819 Christi
326 3757 502 3820 doctrinam
516 3759 697 3841 corrumpi,
718 3771 750 3821 et
766 3758 904 3835 aboleri,
921 3760 1025 3841 ipsum
1038 3779 1109 3824 esec
1124 3760 1232 3823 Deum

191 3858 291 3940 vulgo
314 3859 488 3921 desinere?
519 3861 564 3923 sic
583 3861 669 3924 enim
702 3860 816 3924 vivunt
835 3862 1024 3924 Sacerdotes
1049 3881 1154 3936 nunc,
1183 3872 1231 3936 ut,

192 3960 249 4044 qui
268 3961 327 4023 hos
349 3961 459 4023 vocari
481 3963 599 4023 electos
616 3961 679 4024 Ilei
698 3961 822 4038 audiat,
844 3961 1043 4027 Christianus
1063 3963 1133 4044 ipse
1151 3961 1233 4024 nolit

191 4079 273 4125 esse.
313 4061 394 4143 Quis
415 4063 499 4126 enim
519 4064 619 4140 liber,
649 4085 686 4126 ac
705 4086 802 4140 suus,
832 4065 872 4128 ad
893 4085 962 4126 eam
989 4084 1023 4126 se
1041 4063 1231 4152 religionem

191 4163 341 4226 conserte
372 4165 464 4241 velit,
498 4165 554 4228 ubi
584 4187 644 4248 pro
677 4166 804 4247 optimis
833 4167 989 4229 habentur
1019 4165 1165 4248 pessimi,
1192 4183 1230 4228 ac

192 4266 453 4352 perniciosissimi
473 4267 634 4343 homines,
654 4267 743 4351 iique
763 4267 815 4349 jus
832 4279 864 4331 et
883 4267 1050 4351 imperium
1063 4288 1123 4348 pro
1141 4265 1230 4330 libito

191 4370 225 4432 in
245 4369 324 4433 alios
345 4357 523 4433 eriercent?
552 4373 639 4433 Ecce
660 4381 765 4432 autem
786 4370 856 4433 orbi
877 4369 1060 4433 Christiano
1088 4389 1230 4451 gravem

191 4471 273 4536 hanc
287 4469 488 4536 immodicam
500 4473 722 4538 Romurorum
739 4472 934 4536 Pontificum
956 4481 1155 4557 potestatem,
1175 4467 1233 4555 qui
