2618 5108
206 831 281 906 634
452 813 534 906 on·
554 828 751 905 Brunselsii
773 829 979 930 Responsio
1039 842 1068 921 J

205 1032 243 1086 ut
260 1022 376 1102 diseat,
396 1046 463 1109 nqn
476 1025 576 1086 aitrnn
596 1044 706 1106 sapere
727 1034 759 1086 et
777 1022 1008 1103 blasphemare,
1040 1026 1096 1087 sed
1114 1033 1231 1106 'sapere'

205 1126 249 1187 td
267 1124 481 1188 sobrietatem.
531 1124 674 1206 Quod
649 1146 676 1185 ει
695 1125 781 1204 apud
803 1124 888 1186 idum
907 1137 939 1187 et
957 1144 1036 1187 suos
1051 1128 1227 1190 conflamus

204 1227 383 1313 Evangelio
403 1224 573 1302 invidiam,
592 1224 675 1307 apud
695 1225 861 1332 eredentes
881 1236 985 1288 tamen
1004 1226 1136 1289 minim'e
1149 1243 1231 1293 eon·-

203 1326 326 1391 flamus.
723 1344 727 1349 '
972 1380 978 1397 s

284 1431 482 1491 Erasmus.
522 1426 586 1508 Qui
605 1426 691 1488 docti
710 1436 800 1503 sunt,
820 1426 903 1489 int'er
919 1447 990 1490 sese
1006 1428 1172 1491 conserant
1186 1431 1232 1492 rie

204 1530 345 1591 tollendo
366 1507 452 1591 orbis
474 1517 626 1592 dissidio!

282 1629 392 1691 Otto.
431 1616 508 1690 Hoc¹
525 1613 591 1690 erat
611 1626 860 1707 Episcoporum',
883 1626 938 1688 sed
960 1634 1023 1707 prae
1050 1629 1229 1691 venationi⁴

203 1728 283 1806 bus,
317 1714 449 1810 pompa,
481 1729 559 1791 luxu
586 1739 618 1790 et
649 1728 785 1806 negotiis
815 1729 1014 1792 saecularibus
1041 1751 1106 1790 non
1135 1728 1227 1791 iicet:

204 1851 311 1915 neque
344 1829 476 1893 eruditis
497 1850 628 1912 quoque
647 1828 857 1903 committere,
890 1828 1048 1906 integrum
1069 1841 1125 1891 est
1162 1831 1231 1892 Sed

203 1932 301 2015 ionge
322 1931 380 1994 adia
398 1952 450 1993 ros
471 1940 520 1992 est
536 1927 761 2008 Evangeliurn‚
793 1927 957 2011 quam-‘vel
978 1929 1055 2006 inis,
1087 1933 1138 1990 vet
1169 1931 1229 1992 tihi

204 2033 309 2096 adhue
327 2043 524 2114 compertum
549 2041 612 2104 est,
646 2039 681 2089 ut
700 2029 806 2090 video.
857 2029 950 2092 Unde
977 2031 1230 2141 imprudentissi-

202 2146 288 2205 mum
308 2143 357 2196 est
375 2132 467 2194 etiam
484 2132 546 2193 hoe
565 2128 729 2190 consilium
752 2140 851 2191 tuum.
899 2151 911 2159 ‘¹

278 2236 476 2311 Eraffsmus
516 2227 657 2337 Secretis
686 2229 791 2336 literis
832 2229 979 2294 indicent
1010 2228 1160 2296 P'ontiiiei
1188 2239 1231 2296 ae

204 2333 322 2401 Caesari
341 2343 401 2394 ete.
891 2349 893 2351 ·

279 2435 388 2497 Otto.
427 2430 546 2495 Libera
564 2449 617 2493 res
638 2441 685 2492 est
703 2431 929 2511 Evangeiium',
950 2454 1056 2516 neque
1072 2446 1228 2513 persona,⁸

202 2552 310 2614 neque
330 2542 491 2644 temporeo,
512 2551 618 2614 neque
639 2533 711 2592 loco
734 2542 877 2596 arcetur:
895 2555 992 2615 quare
1012 2533 1104 2609 etiam
1117 2537 1227 2614 palam

207 2635 390 2709 docendum
410 2643 457 2696 est
477 2632 510 2694 in
537 2632 683 2713 omnibus
711 2633 810 2694 tririis
836 2645 869 2695 et
894 2655 991 2714 snper
1021 2634 1121 2696 tectis.
1162 2637 1227 2698 sed

204 2736 301 2822 quid,
333 2736 422 2819 quod
449 2733 500 2799 itte
532 2752 639 2818 neque
667 2745 818 2832 secretas,
850 2748 956 2817 noque
985 2747 1108 2855 apertas
1138 2749 1228 2799 eom·

202 2836 395 2902 monitiones
416 2835 534 2920 aliquid
552 2835 649 2897 facit?
767 2833 768 2837 ’
963 2849 964 2852 ’

278 2940 477 3000 Erasmus.
515 2937 601 2999 Dum
626 2935 709 2998 eninr
736 2935 804 2998 sine
839 2937 902 2999 fine
927 2936 1104 3013 rixamur,
1117 2956 1173 2997 an
1184 2935 1228 2998 sit

203 3037 334 3122 aliquod
355 3059 435 3120 opus
455 3037 577 3100 honum
596 3023 758 3099 hominis?
804 3055 805 3058 ’

252 3174 255 3180 ·
280 3139 387 3201 Otto.
425 3141 499 3200 Non
519 3136 676 3211 rixamur,
702 3138 758 3198 sed
785 3137 837 3217 pie
867 3137 1040 3212 docemus,
1063 3134 1095 3197 in
1124 3154 1225 3216 opera

139 3243 142 3249 ’
202 3240 366 3315 fidendum
387 3260 451 3301 non
471 3260 560 3320 esset
581 3259 687 3320 nequo
709 3257 768 3299 nos
788 3234 902 3299 mereri
922 3240 1016 3299 vitam
1035 3260 1146 3317 posse,
1167 3238 1227 3302 sed

104 3387 108 3394 -
205 3339 369 3404 Christum
398 3328 573 3414 meruisse,
607 3337 765 3401 Christum
793 3339 962 3420 pronohis
984 3338 1162 3421 implevisse
1181 3343 1227 3403 le·

204 3458 288 3524 gjem.
326 3441 390 3503 Sed
409 3460 469 3501 nee
487 3437 690 3519 prohibemus
711 3440 805 3500 etiam
826 3461 939 3520 opera,
968 3440 1032 3501 imo
1060 3439 1227 3521 jubemus3

203 3541 302 3623 rhodo
322 3540 421 3603 iibere
441 3532 516 3603 fiant
536 3548 568 3599 et
585 3560 628 3600 ex
648 3540 720 3601 hdo.
760 3541 828 3602 Janr
841 3552 944 3621 putas,
968 3542 1227 3609 dissimulandum

160 3658 161 3662 ’
204 3640 299 3707 nobis
319 3641 359 3703 sit
387 3642 427 3703 ad
448 3639 636 3722 imposturas
658 3651 690 3699 et
708 3643 869 3714 menriaeia
886 3655 1098 3704 creaturarum
1118 3644 1225 3724 Papa,

205 3743 246 3815 ad
265 3737 416 3805 vanitates
433 3735 468 3803 et¹
479 3726 613 3802 insanias
628 3736 869 3815 salsas,'udirnre
887 3743 973 3803 sarcis
992 3756 1024 3804 et
1043 3744 1225 3807 dei'eetrieis

205 3842 309 3927 gentis
336 3842 570 3903 hlhnachorurn
599 3851 630 3903 et
661 3840 878 3918 sacerdotum,
904 3845 973 3926 'qni
1005 3848 1066 3907 hue
1098 3864 1226 3911 omnetn

206 3936 336 4007 salutem
357 3961 444 4019 suam
463 3934 716 4017 destinaverunt,
737 3953 768 4002 et
788 3942 902 4005 ineam
919 3946 1131 4027 perditionem
1151 3970 1225 4029 per·

205 4044 369 4106 duxerunt
399 4052 431 4102 et
462 4039 675 4116 Christianos,
717 4054 749 4104 et
778 4066 909 4127 opernm
947 4050 1224 4113 annuntiaturum

96 4154 100 4163 ‘
205 4140 373 4226 cauponati
398 4153 471 4204 sunt
497 4135 624 4218 orbern,
657 4153 688 4204 et
706 4164 765 4233 pro
785 4142 964 4209 substantiis
983 4150 1097 4210 nostris
1120 4151 1223 4230 impo-

106 4239 111 4245 ’
206 4258 343 4312 suerunt·
359 4243 479 4307 nobis?
508 4243 679 4326 Indignum
698 4241 824 4307 videtur
843 4248 920 4324 tibi,
945 4252 1009 4311 haee
1028 4249 1141 4310 crebro
1162 4271 1223 4331 po-

203 4351 282 4430 pulo
302 4345 466 4420 instillare,
486 4346 527 4408 de
546 4346 584 4407 iis
605 4346 792 4442 admonere,
812 4357 848 4407 ut
868 4362 999 4411 caveant
1018 4372 1034 4412 a
1055 4351 1166 4413 talibus
1186 4362 1223 4412 et
1300 4398 1303 4403 »

202 4461 272 4512 tam*
284 4445 463 4511 crudelibus
487 4444 702 4533 perditoribus
723 4445 915 4512 animarum?
942 4451 1080 4513 Annon
1102 4460 1149 4513 est
1168 4450 1220 4513 hie
