2618 5108
326 39 1214 367 m

453 155 460 173 .

151 785 222 868 696
457 779 848 885 ArminiustDialogue·

151 990 283 1073 quoque
307 989 385 1052 luit.
400 990 506 1079 'QNem
531 989 688 1072 pecunia,
717 992 816 1055 haud
834 990 964 1066 vercor,
1009 994 1051 1053 tie
1087 991 1164 1077 quii

152 1090 331 1173 suspicetur
355 1076 489 1153 valuisse
511 1111 578 1166 me,
611 1099 680 1172 que
707 1101 771 1153 turn
799 1091 961 1155 Germanis
979 1077 1062 1153 ntr'lltt
1081 1090 1163 1156 erati

148 1192 260 1275 ltaque
277 1194 311 1255 ln
329 1195 448 1254 sumrltt't
471 1206 577 1253 rerum
605 1202 698 1277 atque
716 1191 878 1254 hominum
903 1191 1026 1271 inopia,
1044 1190 1162 1254 misera

150 1304 307 1374 egestate,
326 1294 468 1354 desertus
488 1291 527 1354 ab
548 1288 712 1366 omnibus,
745 1291 912 1374 impeditus
930 1291 1092 1374 undiqu03
1113 1282 1162 1353 tal

147 1413 220 1455 meu
242 1393 283 1455 ad
305 1386 549 1476 recupe'i'audam
567 1390 739 1454 libertatem
758 1388 839 1455 viam
857 1392 931 1454 mihi
954 1391 1159 1469 communivi,

148 1493 288 1575 citraque
320 1514 446 1555 omnem
479 1503 570 1554 extu
606 1510 714 1574 opem,
748 1511 841 1554 omne
873 1489 1091 1572 adjumentum
1122 1492 1163 1554 et'

148 1593 315 1668 auxilium,
335 1595 397 1655 hoc
416 1595 484 1656 solo
501 1591 647 1674 praeditus
660 1602 691 1653 et
703 1593 846 1654 suffultus
860 1591 983 1668 animo,
1004 1614 1020 1653 a
1035 1591 1163 1672 meipso

79 1683 83 1690 ⁸
146 1714 251 1757 renam
280 1692 367 1756 initia·
398 1692 514 1774 petivi,
552 1703 583 1756 et
610 1692 726 1755 bellum
765 1704 906 1755 extreme
934 1692 1163 1780 periculosum?

147 1815 217 1858 non
232 1805 321 1857 antea
349 1806 500 1880 coeptum,
527 1804 740 1876 prosequutus
761 1814 847 1867 sum,
864 1793 926 1856 sed
951 1792 990 1854 ab
1009 1793 1162 1857 omnibus

147 1897 360 1975 desperatum,
390 1876 466 1959 'eta
494 1892 735 1977 cogitationibus
765 1912 895 1976 quoque
916 1894 1076 1956 hominum
1094 1893 1161 1975 jam'

145 1997 267 2078 pridem
285 1999 478 2080 relegatum,
498 1994 686 2076 provocavi,
707 2012 756 2053 me
776 1994 905 2075 dignum
918 1994 1086 2071 arbitrans,
1108 1995 1161 2057 ni·'

143 2097 187 2162 hil
213 2097 347 2160 lomense
375 2082 545 2171 intentum,
574 2094 754 2157 destinatam
779 2093 853 2155 milri
874 2095 1159 2160 sortem'alacriter

142 2202 273 2263 movere
293 2197 397 2278 potius
416 2215 509 2278 quam
527 2205 695 2275 expectare
715 2193 856 2257 sollicite.
893 2194 982 2270 Nam,
1005 2188 1160 2278 quemad&

143 2297 274 2361 modum
305 2294 483 2372 audivistis,
513 2278 595 2356 ultro
621 2293 736 2356 bellum
765 2291 854 2365 intuli
874 2304 924 2356 ¹¹et
957 2295 1159 2375 denuntiavi,

144 2396 285 2459 obstante
312 2394 477 2458 etiamnum
529 2384 698 2457 domestic'a
723 2409 861 2482 Seqests’s
898 2414 929 2463 et
961 2410 1164 2483 Inquiomert

143 2495 289 2578 perfidia,
311 2516 347 2558 ac
372 2496 468 2560 fratre
493 2509 605 2564 Flavio
629 2522 740 2583 magna
766 2503 849 2584 apud
873 2504 978 2564 hostes
995 2499 1027 2561 vi
1044 2500 1162 2565 adver-

145 2607 248 2674 sante,
278 2619 347 2660 cum
374 2599 469 2662 milite
497 2600 597 2665 omnis
630 2601 797 2684 disciplina
823 2603 952 2685 ignaro,
983 2621 1044 2663 nec
1064 2603 1161 2664 ullius

143 2697 177 2761 in
204 2720 239 2762 re
266 2699 390 2762 militari
422 2700 583 2778 scientiae,
613 2723 770 2785 armorum
803 2724 880 2764 vero
920 2702 1026 2764 habitu
1068 2723 1162 2783 paene

141 2799 259 2877 inutili,
289 2811 320 2863 et
346 2812 497 2882 apparatu
524 2800 598 2864 belli
624 2803 705 2866 adeo
731 2824 797 2866 non
824 2813 1026 2884 suppetente,
1060 2814 1096 2864 ut
1117 2825 1161 2865 ne

143 2900 221 2965 lerri
240 2900 434 2984 quidembad
459 2904 594 2965 telorum
623 2903 774 2966 fabricam
803 2903 875 2966 satis
901 2913 991 2965 esset.
1030 2904 1077 2985 At
1093 2904 1161 2964 haec

143 3001 247 3063 omnia
283 3002 375 3064 animi
412 2986 542 3065 consilio
568 3015 601 3065 et
630 3004 786 3069 alacritate
814 3002 942 3066 correxi
970 3014 1001 3064 et
1032 3001 1157 3064 sarcivi.

146 3097 294 3183 Cumque
324 3114 409 3166 esset
427 3122 614 3188 permagnus
634 3105 695 3167 mei
719 3114 933 3183 contemptus,
965 3102 999 3163 in
1018 3100 1157 3164 hostium

141 3221 214 3265 cum
235 3203 433 3266 calamitatem
448 3205 548 3282 verti,
569 3226 605 3267 ac
619 3216 702 3268 tanta
721 3203 877 3269 celeritate
896 3202 993 3279 irrui,
1013 3215 1049 3266 ut
1067 3201 1158 3283 prius

140 3323 277 3386 pugnam
295 3306 527 3381 conseruerim,
559 3326 654 3390 quam
673 3307 757 3369 bello
776 3326 925 3369 ausurum
943 3325 992 3369 me
1012 3301 1158 3366 homines

140 3402 350 3481 crediderint,
372 3418 443 3470 aute
462 3407 578 3469 caedem
597 3407 746 3484 fecerim,
775 3427 867 3491 quam
887 3403 1012 3467 conflati
1032 3403 1158 3467 exerci-

140 3515 190 3568 tus
209 3506 286 3568 fides
307 3507 412 3571 [uerit.
465 3508 533 3570 Nec
554 3508 675 3571 levibus
695 3526 774 3571 vero
795 3508 959 3572 momentis
978 3515 1067 3567 tantae
1088 3524 1156 3566 mo·

139 3605 177 3669 lis
196 3606 283 3669 initia
309 3609 483 3690 auspicatus
502 3631 581 3673 sum.
621 3611 702 3671 Tres
728 3609 829 3692 primo
849 3608 953 3671 statim
973 3606 1093 3688 impetu
1113 3607 1159 3667 le-

140 3709 270 3791 giones,
291 3718 322 3770 et
340 3709 372 3772 in
393 3710 430 3773 iis
451 3711 615 3786 Martiam,
643 3733 714 3772 cum
734 3709 856 3772 auxiliis
878 3708 1025 3772 omnibus
1047 3705 1159 3768 fortis·

139 3811 249 3873 simum
269 3794 459 3886 exercitum,
479 3822 510 3878 et
529 3833 594 3894 quo
621 3832 687 3872 non
707 3811 783 3873 alius
802 3809 964 3891 disciplina
991 3807 1092 3889 magis
1120 3827 1160 3869 ac

139 3909 186 3971 rei
217 3906 355 3973 militaris
388 3911 600 3994 experientia,
640 3911 737 3994 vique
776 3923 807 3973 et
841 3910 958 3972 virtute
990 3911 1160 3971 Romanos

138 4009 220 4074 inter
250 4009 359 4073 milites
386 4022 461 4074 tunc
487 4013 625 4089 valebat,
657 3999 823 4094 ipsumque
851 4011 941 4074 simul
967 4012 1093 4072 Ducem
1124 4018 1159 4071 et

137 4111 262 4194 legatos¹
290 4113 330 4173 ad
357 4111 593 4175 internicionem
613 4133 713 4195 usque
735 4112 836 4175 occidi
862 4124 893 4178 et
922 4110 1035 4173 delevi.
1079 4113 1156 4192 Quo

138 4218 279 4294 tempore
298 4212 331 4273 in
350 4212 442 4276 unius
471 4192 540 4275 luca
569 4234 708 4301 2persona
739 4213 843 4296 patriae
863 4213 1058 4276 incolumitas
1080 4226 1160 4274 con·-

137 4311 225 4379 stitit.
254 4300 312 4375 'Ut
339 4312 445 4375 dicere
463 4297 530 4377 nou
557 4312 670 4403 debeat
689 4314 812 4395 Scipio,
844 4325 904 4377 tam
927 4326 1161 4386 consternatam

137 4434 172 4475 se
203 4412 279 4478 rem·
289 4415 462 4478 Romanam
489 4425 616 4499 tamque
651 4414 782 4480 accisam
816 4429 1026 4492 restaurasse,
1062 4427 1163 4499 quam
