2588 5048
179 770 255 852 ut
534 773 696 875 Spongia
715 773 880 852 eruic
924 784 1002 825 ”·-·

181 962 373 1030 Pontificem
392 976 446 1028 sss
468 962 650 1046 Principes,
682 965 797 1048 quun
818 965 1011 1047 surmus
1025 951 1204 1029 suusne

180 1067 344 1142 iacerem,
377 1078 409 1129 et
437 1066 613 1149 Eveng'eii'o
647 1066 785 1128 condent
820 1058 985 1140 invidiam}
1015 1065 1203 1145 scepsius

182 1168 269 1230 omni
299 1166 494 1248 pervicacis,
529 1166 641 1245 positis
680 1166 792 1230 studiis
826 1164 983 1241 humenis,
1026 1164 1082 1246 qui
1112 1164 1203 1227 docti

180 1276 275 1340 unt,
305 1264 388 1328 inter
417 1280 488 1327 sese
518 1260 684 1328 conferent
712 1267 755 1328 de
779 1267 920 1328 tollendo
940 1264 1201 1328 uturutsstrttos

76 1358 78 1365 ’
181 1386 318 1452 rproeque
338 1366 534 1430 videbuntur
564 1366 604 1428 ed
622 1365 778 1446 publicem
799 1357 969 1429 christani
988 1355 1201 1445 popili-*susa

179 1475 260 1540 tem,
287 1477 320 1525 et
340 1465 460 1529 Christi
479 1466 611 1547 glorium
629 1465 751 1541 iacere,
781 1464 909 1527 seeretis
934 1465 1032 1526 literis
1059 1460 1202 1527 indicent

180 1563 331 1629 Pontifici
350 1584 387 1626 ec
407 1564 539 1641 Caesari,
561 1578 593 1627 et
610 1567 646 1626 in·
664 1567 725 1626 hoe
744 1564 875 1646 negotio
892 1575 1058 1626 versentur
1077 1566 1204 1628 sincere

179 1676 329 1749 unquam
348 1685 456 1726 coram
474 1667 557 1727 Deo.
596 1667 666 1726 Huc
681 1665 815 1728 'ratione
837 1666 929 1727 eitius
948 1666 1204 1728 consuluerimus

179 1765 379 1847 Erengeticae
403 1764 592 1841 sinceritati,
620 1786 713 1848 quem
743 1764 841 1830 rixis·
856 1784 1016 1848 nunquam
1043 1755 1202 1828 finiendus

179 1867 266 1931 Dum
296 1867 380 1928 enirn
408 1865 477 1928 siue
505 1868 569 1941 tine
594 1866 751 1940 rixamur,
784 1864 894 1927 err-'sit
922 1865 1050 1947 aliquod
1078 1865 1203 1929 bouum

181 1986 263 2048 opus
292 1967 445 2042 hominis,
477 1969 530 2042 flt,
560 1977 596 2026 ut
624 1986 736 2027 revera
767 1968 886 2027 nulium
917 1956 1089 2027 hubeumus
1116 1979 1204 2046 opus

179 2067 322 2132 boumn.-
350 2069 435 2130 Dum
455 2065 581 2148 delitigo
637 2090 669 2142 s,
703 2086 744 2127 an
762 2068 830 2128 soie
854 2067 934 2127 tides
953 2066 1073 2147 absque
1093 2065 1203 2146 operis

179 2168 244 2233 bur
267 2167 411 2241 conferet
438 2169 585 2242 salutern,
640 2177 670 2241 t,
698 2177 734 2228 ut
759 2184 819 2231 uae
848 2159 924 2228 {idei
950 2167 1106 2240 fructum,
1138 2182 1203 2227 neo

179 2267 340 2330 bonorum
359 2287 493 2344 operum
512 2269 690 2328 mercedem
710 2267 877 2346 capiamus.
925 2267 1074 2346 Quodam
1092 2277 1204 2333 nutem

180 2365 250 2447 ejus
268 2367 395 2447 generis
410 2376 504 2442 sunt,
521 2377 572 2440 ut,
589 2367 616 2428 si
635 2368 770 2429 maxime
786 2386 862 2427 vere
880 2377 999 2437 essent,
1016 2372 1081 2427 non
1101 2380 1204 2446 expea

180 2467 413 2547 distinguere
432 2467 561 2527 auribus
581 2468 706 2546 populi,
737 2468 851 2530 veluti:
883 2468 1016 2527 tiberum
1035 2466 1205 2529 arbitrium

179 2567 256 2631 nihii
282 2586 369 2642 esse,
399 2568 460 2628 nisi
496 2588 614 2630 nomen
639 2568 749 2630 inane:
787 2568 958 2649 quemlihet
988 2566 1205 2633 Christianum

181 2688 253 2731 esse
275 2669 487 2744 sacerdotem,
516 2679 549 2729 et
567 2689 662 2747 posse
690 2669 850 2729 remittere
877 2678 1021 2747 peccata,
1053 2678 1084 2725 et
1104 2684 1206 2746 posse

180 2788 367 2831 consecrare
388 2789 505 2848 corpus
523 2768 669 2831 Domini:
699 2769 765 2829 sola
791 2768 853 2829 fide
878 2767 1019 2828 conferri
1038 2765 1208 2846 justitiam?
1259 2786 1262 2793 ·

182 2888 279 2950 opere
297 2881 405 2931 nostre
424 2870 499 2930 nihil
520 2870 646 2932 adrem
666 2869 782 2930 secere.
820 2869 896 2929 Haec
908 2869 1068 2946 paradoxa
1088 2865 1208 2946 jactate

183 2970 267 3050 apud
291 2972 431 3052 vulgus,
462 2969 540 3052 quid
566 2971 650 3031 atiud
679 2989 772 3050 quem
807 2967 942 3048 gignunt
973 2967 1136 3029 dissidium
1164 2982 1206 3028 eo

182 3069 392 3154 seditionem?
429 3070 585 3132 Rursum·
608 3069 746 3131 ecclesie
781 3087 933 3147 proceres
966 3088 1002 3130 ec
1036 3067 1209 3147 Principee

182 3168 334 3251 profanos
363 3169 571 3244 obsecrarim,
599 3181 634 3231 ut
672 3191 747 3232 suos
773 3170 902 3229 affectus
933 3188 1055 3249 scieque
1079 3167 1209 3247 privetu

182 3270 348 3332 commode
373 3270 579 3350 posthabeent
599 3270 689 3331 saluti
715 3269 847 3351 pubiicre
881 3281 913 3330 et
940 3268 1047 3349 gloriae
1069 3267 1207 3330 Christis

183 3371 236 3434 sio
265 3381 312 3432 est
338 3374 482 3432 voluntas
508 3371 586 3433 Jesu
612 3370 744 3444 Christi,
778 3381 810 3430 et
842 3370 887 3431 sic
918 3370 1083 3449 agentibus
1103 3369 1203 3429 nobis

183 3473 349 3535 adfuturus
379 3483 426 3532 est
453 3471 561 3533 fautor
587 3492 622 3530 ee
648 3473 829 3532 fortunator
855 3490 989 3545 eorum,
1019 3491 1088 3551 quse
1116 3468 1207 3550 geri·

181 3595 262 3638 mus.
310 3572 372 3636 Cui
401 3572 527 3654 spiritus
553 3570 631 3634 Jesu
663 3573 782 3632 donum
816 3569 963 3650 impertiit
998 3569 1207 3631 abstrusiorie

168 3673 386 3753 ¹eruditionis,
407 3673 561 3753 impartiet
580 3673 731 3747 candide,
752 3691 823 3731 cum
841 3670 926 3732 omni
943 3671 1198 3745 mansuetudine,

182 3776 339 3838 sustinens
359 3796 394 3837 ec
414 3779 549 3837 tolerans
568 3793 640 3847 eos,
668 3768 723 3856 qui
749 3792 816 3832 non
842 3773 944 3832 stetim
971 3773 1097 3856 assequi
1127 3793 1209 3852 pos··

182 3888 272 3949 suut,
293 3876 381 3958 quod
407 3876 556 3949 traditur,
582 3874 846 3958 quemadmodum
867 3873 1013 3934 dominus
1034 3875 1127 3935 Jcsus
1148 3875 1206 3938 diu

182 3979 328 4037 toleravit
347 3977 553 4040 infirmitatem
573 3998 713 4051 suorum,
735 3977 838 4036 donec
857 3974 1059 4053 proficerent.
1080 3973 1206 4036 Princi-

182 4097 237 4158 pes
257 4091 287 4138 ct
305 4078 454 4158 Episcopi
474 4087 546 4137 suut
564 4076 722 4150 hominem
742 4075 802 4136 labi
822 4084 854 4134 et
869 4073 932 4135 ratu
946 4087 1089 4156 possunt.
1128 4075 1201 4136 Hos

183 4191 302 4264 quanto
339 4179 567 4241 conducibilius
594 4189 642 4240 est
666 4176 797 4238 comiter
821 4176 861 4236 ad
890 4177 958 4236 reri
983 4177 1202 4254 cognitionem

182 4282 358 4355 adducere,
386 4300 480 4362 quam
512 4278 664 4341 conviciis
696 4276 907 4356 exasperare?
941 4279 1006 4359 Qui
1039 4278 1072 4339 in
1103 4279 1203 4339 classe

182 4385 364 4449 Lutherene
382 4382 442 4445 sibi
460 4380 622 4444 vindicant
648 4377 839 4459 spirituale·
859 4376 1093 4457 cognitionem,
1113 4380 1204 4462 cogi-
