<?xml version="1.0" encoding="UTF-8"?>
<!DOCTYPE html PUBLIC "-//W3C//DTD XHTML 1.0 Transitional//EN"
    "http://www.w3.org/TR/xhtml1/DTD/xhtml1-transitional.dtd">
<html xmlns="http://www.w3.org/1999/xhtml" xml:lang="en" lang="en">
 <head>
  <title>
</title>
<meta http-equiv="Content-Type" content="text/html;charset=utf-8" />
  <meta name='ocr-system' content='tesseract 3.04.00' />
  <meta name='ocr-capabilities' content='ocr_page ocr_carea ocr_par ocr_line ocrx_word'/>
</head>
<body>
  <div class='ocr_page' id='page_1' title='image "./ulrichiabhutten00mngoog_0325.png"; bbox 0 0 2618 5108; ppageno 0'>
   <div class='ocr_carea' id='block_1_1' title="bbox 184 687 1128 824">
    <p class='ocr_par' dir='ltr' id='par_1_1' title="bbox 184 687 1128 824">
     <span class='ocr_line' id='line_1_1' title="bbox 184 687 1128 824; baseline 0.006 -24"><span class='ocrx_word' id='word_1_1' title='bbox 184 687 186 689; x_wconf 37' lang='lat'><strong>&gt;</strong></span> <span class='ocrx_word' id='word_1_2' title='bbox 296 726 345 800; x_wconf 89' lang='grc' dir='ltr'><strong>Η.</strong></span> <span class='ocrx_word' id='word_1_3' title='bbox 369 725 515 801; x_wconf 82' lang='lat' dir='ltr'><strong>Buschii</strong></span> <span class='ocrx_word' id='word_1_4' title='bbox 539 727 588 801; x_wconf 84' lang='lat' dir='ltr'><strong>ad</strong></span> <span class='ocrx_word' id='word_1_5' title='bbox 610 725 762 800; x_wconf 87' lang='lat' dir='ltr'><strong>Hutten.</strong></span> <span class='ocrx_word' id='word_1_6' title='bbox 786 726 904 824; x_wconf 84' lang='lat' dir='ltr'><strong>Epist.</strong></span> <span class='ocrx_word' id='word_1_7' title='bbox 1056 727 1128 806; x_wconf 76' lang='grc'><strong>307</strong></span> 
     </span>
    </p>
   </div>
   <div class='ocr_carea' id='block_1_2' title="bbox 91 919 1227 4441">
    <p class='ocr_par' dir='ltr' id='par_1_2' title="bbox 91 919 1227 4441">
     <span class='ocr_line' id='line_1_2' title="bbox 94 919 1124 1007; baseline 0.002 -22"><span class='ocrx_word' id='word_1_8' title='bbox 94 921 223 1006; x_wconf 87' lang='lat' dir='ltr'><strong>quidam</strong></span> <span class='ocrx_word' id='word_1_9' title='bbox 242 931 369 989; x_wconf 79' lang='lat' dir='ltr'><strong>Bullam</strong></span> <span class='ocrx_word' id='word_1_10' title='bbox 388 927 503 990; x_wconf 81' lang='lat' dir='ltr'><em>Leonis</em></span> <span class='ocrx_word' id='word_1_11' title='bbox 528 934 596 986; x_wconf 85' lang='lat' dir='ltr'><strong>ate</strong></span> <span class='ocrx_word' id='word_1_12' title='bbox 615 923 814 1003; x_wconf 77' lang='lat' dir='ltr'>explanatam</span> <span class='ocrx_word' id='word_1_13' title='bbox 832 919 1010 1003; x_wconf 74' lang='lat' dir='ltr'><strong>bibliopola</strong></span> <span class='ocrx_word' id='word_1_14' title='bbox 1030 925 1124 1007; x_wconf 66' lang='lat' dir='ltr'><strong>erep·&#39;</strong></span> 
     </span>
     <span class='ocr_line' id='line_1_3' title="bbox 91 1023 1124 1108; baseline 0.002 -22"><span class='ocrx_word' id='word_1_15' title='bbox 91 1033 153 1086; x_wconf 90' lang='lat' dir='ltr'><strong>tam</strong></span> <span class='ocrx_word' id='word_1_16' title='bbox 171 1024 282 1088; x_wconf 79' lang='lat' dir='ltr'><strong>furens</strong></span> <span class='ocrx_word' id='word_1_17' title='bbox 299 1027 495 1108; x_wconf 84' lang='lat' dir='ltr'><strong>concerpsit,</strong></span> <span class='ocrx_word' id='word_1_18' title='bbox 515 1034 781 1106; x_wconf 85' lang='lat' dir='ltr'><strong>concerptamque</strong></span> <span class='ocrx_word' id='word_1_19' title='bbox 796 1023 932 1102; x_wconf 89' lang='lat' dir='ltr'><strong>pedibus</strong></span> <span class='ocrx_word' id='word_1_20' title='bbox 957 1024 990 1086; x_wconf 91' lang='lat' dir='ltr'><strong>in</strong></span> <span class='ocrx_word' id='word_1_21' title='bbox 1016 1027 1124 1089; x_wconf 89' lang='lat' dir='ltr'><strong>medio</strong></span> 
     </span>
     <span class='ocr_line' id='line_1_4' title="bbox 93 1123 1122 1208; baseline 0.002 -21"><span class='ocrx_word' id='word_1_22' title='bbox 93 1126 160 1188; x_wconf 91' lang='lat' dir='ltr'><strong>luto</strong></span> <span class='ocrx_word' id='word_1_23' title='bbox 180 1127 389 1189; x_wconf 76' lang='lat' dir='ltr'><strong>conculcavit.</strong></span> <span class='ocrx_word' id='word_1_24' title='bbox 439 1126 598 1189; x_wconf 86' lang='lat' dir='ltr'><strong>Praeterea</strong></span> <span class='ocrx_word' id='word_1_25' title='bbox 622 1123 685 1205; x_wconf 84' lang='lat' dir='ltr'><strong>jam</strong></span> <span class='ocrx_word' id='word_1_26' title='bbox 715 1123 863 1204; x_wconf 86' lang='lat' dir='ltr'><strong>proxime</strong></span> <span class='ocrx_word' id='word_1_27' title='bbox 890 1126 990 1187; x_wconf 82' lang='lat' dir='ltr'><strong>adhuc</strong></span> <span class='ocrx_word' id='word_1_28' title='bbox 1010 1126 1122 1208; x_wconf 90' lang='lat' dir='ltr'><strong>quinto</strong></span> 
     </span>
     <span class='ocr_line' id='line_1_5' title="bbox 93 1225 1123 1306; baseline 0 -17"><span class='ocrx_word' id='word_1_29' title='bbox 93 1246 194 1289; x_wconf 86' lang='lat' dir='ltr'><strong>nonas</strong></span> <span class='ocrx_word' id='word_1_30' title='bbox 212 1225 307 1306; x_wconf 85' lang='lat' dir='ltr'><strong>hujus</strong></span> <span class='ocrx_word' id='word_1_31' title='bbox 326 1225 443 1290; x_wconf 80' lang='lat' dir='ltr'>mensis</span> <span class='ocrx_word' id='word_1_32' title='bbox 465 1227 614 1289; x_wconf 89' lang='lat' dir='ltr'><strong>sacerdos</strong></span> <span class='ocrx_word' id='word_1_33' title='bbox 624 1246 670 1286; x_wconf 63' lang='lat' dir='ltr'><strong>‚cx</strong></span> <span class='ocrx_word' id='word_1_34' title='bbox 684 1229 754 1289; x_wconf 82' lang='lat' dir='ltr'><strong>aula</strong></span> <span class='ocrx_word' id='word_1_35' title='bbox 777 1238 888 1294; x_wconf 81' lang='lat' dir='ltr'><strong>Caroli</strong></span> <span class='ocrx_word' id='word_1_36' title='bbox 908 1247 981 1290; x_wconf 88' lang='lat' dir='ltr'><strong>eum</strong></span> <span class='ocrx_word' id='word_1_37' title='bbox 995 1227 1123 1289; x_wconf 89' lang='lat' dir='ltr'><strong>duobus</strong></span> 
     </span>
     <span class='ocr_line' id='line_1_6' title="bbox 94 1327 1127 1410; baseline 0 -20"><span class='ocrx_word' id='word_1_38' title='bbox 94 1348 136 1390; x_wconf 87' lang='lat' dir='ltr'><strong>ex</strong></span> <span class='ocrx_word' id='word_1_39' title='bbox 166 1329 279 1390; x_wconf 89' lang='lat' dir='ltr'><strong>eadem</strong></span> <span class='ocrx_word' id='word_1_40' title='bbox 309 1330 380 1391; x_wconf 86' lang='lat' dir='ltr'><strong>aula</strong></span> <span class='ocrx_word' id='word_1_41' title='bbox 399 1327 549 1407; x_wconf 90' lang='lat' dir='ltr'><strong>Hispanis</strong></span> <span class='ocrx_word' id='word_1_42' title='bbox 568 1327 750 1390; x_wconf 89' lang='lat' dir='ltr'><strong>satellitibus</strong></span> <span class='ocrx_word' id='word_1_43' title='bbox 778 1330 975 1410; x_wconf 91' lang='lat' dir='ltr'><strong>pauperculo</strong></span> <span class='ocrx_word' id='word_1_44' title='bbox 998 1327 1127 1390; x_wconf 82' lang='lat' dir='ltr'><strong>cuidam</strong></span> 
     </span>
     <span class='ocr_line' id='line_1_7' title="bbox 96 1428 1126 1512; baseline 0 -20"><span class='ocrx_word' id='word_1_45' title='bbox 96 1429 214 1492; x_wconf 77' lang='lat' dir='ltr'><strong>fascem</strong></span> <span class='ocrx_word' id='word_1_46' title='bbox 229 1430 371 1491; x_wconf 88' lang='lat' dir='ltr'><strong>LXXX.</strong></span> <span class='ocrx_word' id='word_1_47' title='bbox 384 1428 486 1491; x_wconf 82' lang='lat' dir='ltr'><strong>ferme</strong></span> <span class='ocrx_word' id='word_1_48' title='bbox 506 1429 703 1510; x_wconf 89' lang='lat' dir='ltr'><strong>Captivitatis</strong></span> <span class='ocrx_word' id='word_1_49' title='bbox 719 1429 920 1509; x_wconf 80' lang='lat' dir='ltr'><strong>Babylonieae</strong></span> <span class='ocrx_word' id='word_1_50' title='bbox 933 1431 1126 1512; x_wconf 86' lang='lat' dir='ltr'><strong>exemplaria</strong></span> 
     </span>
     <span class='ocr_line' id='line_1_8' title="bbox 94 1529 1125 1614; baseline 0.002 -22"><span class='ocrx_word' id='word_1_51' title='bbox 94 1529 311 1593; x_wconf 88' lang='lat' dir='ltr'><strong>continentem</strong></span> <span class='ocrx_word' id='word_1_52' title='bbox 331 1531 363 1592; x_wconf 90' lang='lat' dir='ltr'><strong>vi</strong></span> <span class='ocrx_word' id='word_1_53' title='bbox 385 1530 501 1611; x_wconf 88' lang='lat' dir='ltr'><strong>eripuit</strong></span> <span class='ocrx_word' id='word_1_54' title='bbox 521 1542 592 1594; x_wconf 90' lang='lat' dir='ltr'><strong>ante</strong></span> <span class='ocrx_word' id='word_1_55' title='bbox 609 1532 774 1613; x_wconf 89' lang='lat' dir='ltr'><strong>palatium,</strong></span> <span class='ocrx_word' id='word_1_56' title='bbox 798 1530 935 1614; x_wconf 78' lang='lat' dir='ltr'><strong>ejusque</strong></span> <span class='ocrx_word' id='word_1_57' title='bbox 955 1534 1125 1594; x_wconf 77' lang='lat' dir='ltr'><strong>nonnullos</strong></span> 
     </span>
     <span class='ocr_line' id='line_1_9' title="bbox 93 1631 1126 1714; baseline -0.001 -20"><span class='ocrx_word' id='word_1_58' title='bbox 93 1632 214 1694; x_wconf 88' lang='lat' dir='ltr'><strong>libellos</strong></span> <span class='ocrx_word' id='word_1_59' title='bbox 233 1631 399 1708; x_wconf 81' lang='lat' dir='ltr'><strong>laceravit,</strong></span> <span class='ocrx_word' id='word_1_60' title='bbox 418 1634 612 1694; x_wconf 84' lang='lat' dir='ltr'><strong>laceraturus</strong></span> <span class='ocrx_word' id='word_1_61' title='bbox 633 1653 756 1707; x_wconf 89' lang='lat' dir='ltr'><strong>omnes,</strong></span> <span class='ocrx_word' id='word_1_62' title='bbox 787 1631 849 1694; x_wconf 90' lang='lat' dir='ltr'><strong>uisi</strong></span> <span class='ocrx_word' id='word_1_63' title='bbox 867 1632 994 1694; x_wconf 87' lang='lat' dir='ltr'><strong>tandem</strong></span> <span class='ocrx_word' id='word_1_64' title='bbox 1014 1633 1126 1714; x_wconf 83' lang='lat' dir='ltr'><strong>proxi·</strong></span> 
     </span>
     <span class='ocr_line' id='line_1_10' title="bbox 92 1733 1144 1816; baseline -0.003 -20"><span class='ocrx_word' id='word_1_65' title='bbox 92 1753 163 1796; x_wconf 88' lang='lat' dir='ltr'><strong>mus</strong></span> <span class='ocrx_word' id='word_1_66' title='bbox 197 1733 336 1816; x_wconf 90' lang='lat' dir='ltr'><strong>quisque</strong></span> <span class='ocrx_word' id='word_1_67' title='bbox 366 1733 545 1813; x_wconf 85' lang='lat' dir='ltr'><strong>bibliopolae</strong></span> <span class='ocrx_word' id='word_1_68' title='bbox 573 1747 800 1799; x_wconf 86' lang='lat' dir='ltr'><strong>concurrentes</strong></span> <span class='ocrx_word' id='word_1_69' title='bbox 830 1733 1024 1795; x_wconf 87' lang='lat' dir='ltr'><strong>nebulonem</strong></span> <span class='ocrx_word' id='word_1_70' title='bbox 1053 1737 1144 1807; x_wconf 37' lang='lat' dir='ltr'><strong>cuni,</strong></span> 
     </span>
     <span class='ocr_line' id='line_1_11' title="bbox 96 1829 1127 1916; baseline -0.003 -16"><span class='ocrx_word' id='word_1_71' title='bbox 96 1836 280 1900; x_wconf 87' lang='lat' dir='ltr'><strong>satellitibus</strong></span> <span class='ocrx_word' id='word_1_72' title='bbox 300 1835 333 1897; x_wconf 94' lang='lat' dir='ltr'><strong>in</strong></span> <span class='ocrx_word' id='word_1_73' title='bbox 354 1836 501 1915; x_wconf 82' lang='lat' dir='ltr'><strong>palatium</strong></span> <span class='ocrx_word' id='word_1_74' title='bbox 520 1835 671 1916; x_wconf 82' lang='lat' dir='ltr'><strong>refugere</strong></span> <span class='ocrx_word' id='word_1_75' title='bbox 690 1835 882 1915; x_wconf 83' lang='lat' dir='ltr'><strong>co‘e&#39;gissent.</strong></span> <span class='ocrx_word' id='word_1_76' title='bbox 932 1833 1011 1897; x_wconf 91' lang='lat' dir='ltr'><strong>Vidi</strong></span> <span class='ocrx_word' id='word_1_77' title='bbox 1032 1829 1127 1897; x_wconf 76' lang='lat' dir='ltr'><strong>etiam</strong></span> 
     </span>
     <span class='ocr_line' id='line_1_12' title="bbox 95 1933 1227 2020; baseline -0.002 -20"><span class='ocrx_word' id='word_1_78' title='bbox 95 1937 143 2001; x_wconf 91' lang='lat' dir='ltr'><strong>bis</strong></span> <span class='ocrx_word' id='word_1_79' title='bbox 158 1936 235 2019; x_wconf 89' lang='lat' dir='ltr'><strong>ipsis</strong></span> <span class='ocrx_word' id='word_1_80' title='bbox 252 1936 365 2000; x_wconf 88' lang='lat' dir='ltr'><strong>diebus</strong></span> <span class='ocrx_word' id='word_1_81' title='bbox 385 1935 526 2020; x_wconf 89' lang='lat' dir='ltr'><strong>equitem</strong></span> <span class='ocrx_word' id='word_1_82' title='bbox 542 1936 710 2018; x_wconf 87' lang='lat' dir='ltr'><strong>quemdam</strong></span> <span class='ocrx_word' id='word_1_83' title='bbox 733 1935 928 2016; x_wconf 89' lang='lat' dir='ltr'><strong>Hispanum,</strong></span> <span class='ocrx_word' id='word_1_84' title='bbox 956 1933 1125 2014; x_wconf 74' lang='lat' dir='ltr'><strong>evaginato</strong></span> <span class='ocrx_word' id='word_1_85' title='bbox 1225 1947 1227 1950; x_wconf 82' lang='grc'><strong>’</strong></span> 
     </span>
     <span class='ocr_line' id='line_1_13' title="bbox 95 2034 1127 2122; baseline -0.006 -20"><span class='ocrx_word' id='word_1_86' title='bbox 95 2038 202 2122; x_wconf 86' lang='lat' dir='ltr'><strong>gladio</strong></span> <span class='ocrx_word' id='word_1_87' title='bbox 230 2059 330 2099; x_wconf 90' lang='lat' dir='ltr'><strong>unum</strong></span> <span class='ocrx_word' id='word_1_88' title='bbox 359 2036 515 2100; x_wconf 88' lang='lat' dir='ltr'><strong>enostris</strong></span> <span class='ocrx_word' id='word_1_89' title='bbox 536 2035 711 2118; x_wconf 83' lang='lat' dir='ltr'><strong>lugientem</strong></span> <span class='ocrx_word' id='word_1_90' title='bbox 738 2035 889 2118; x_wconf 80' lang='lat' dir='ltr'><strong>persequi</strong></span> <span class='ocrx_word' id='word_1_91' title='bbox 916 2045 1001 2098; x_wconf 90' lang='lat' dir='ltr'><strong>tanta</strong></span> <span class='ocrx_word' id='word_1_92' title='bbox 1024 2034 1127 2112; x_wconf 80' lang='lat' dir='ltr'><strong>rabie,</strong></span> 
     </span>
     <span class='ocr_line' id='line_1_14' title="bbox 95 2136 1150 2221; baseline -0.008 -16"><span class='ocrx_word' id='word_1_93' title='bbox 95 2153 132 2205; x_wconf 91' lang='lat' dir='ltr'><strong>ut</strong></span> <span class='ocrx_word' id='word_1_94' title='bbox 152 2152 225 2202; x_wconf 90' lang='lat' dir='ltr'><strong>ante</strong></span> <span class='ocrx_word' id='word_1_95' title='bbox 246 2137 388 2216; x_wconf 84' lang='lat' dir='ltr'><strong>januam,</strong></span> <span class='ocrx_word' id='word_1_96' title='bbox 417 2160 512 2221; x_wconf 91' lang='lat' dir='ltr'><strong>quam</strong></span> <span class='ocrx_word' id='word_1_97' title='bbox 531 2136 658 2217; x_wconf 84' lang='lat' dir='ltr'><strong>lugiens</strong></span> <span class='ocrx_word' id='word_1_98' title='bbox 678 2136 734 2199; x_wconf 89' lang='lat' dir='ltr'><strong>vix</strong></span> <span class='ocrx_word' id='word_1_99' title='bbox 754 2147 914 2212; x_wconf 88' lang='lat' dir='ltr'><strong>evaserat,</strong></span> <span class='ocrx_word' id='word_1_100' title='bbox 944 2155 1017 2200; x_wconf 88' lang='lat' dir='ltr'><strong>eum</strong></span> <span class='ocrx_word' id='word_1_101' title='bbox 1037 2156 1124 2218; x_wconf 87' lang='lat' dir='ltr'><strong>equo</strong></span> <span class='ocrx_word' id='word_1_102' title='bbox 1149 2146 1150 2150; x_wconf 77' lang='grc'>’</span> 
     </span>
     <span class='ocr_line' id='line_1_15' title="bbox 93 2224 1219 2321; baseline -0.007 -16"><span class='ocrx_word' id='word_1_103' title='bbox 93 2252 220 2316; x_wconf 85' lang='lat' dir='ltr'><strong>rueret3</strong></span> <span class='ocrx_word' id='word_1_104' title='bbox 267 2261 329 2301; x_wconf 91' lang='lat' dir='ltr'><strong>nee</strong></span> <span class='ocrx_word' id='word_1_105' title='bbox 357 2258 527 2321; x_wconf 84' lang='lat' dir='ltr'><strong>resurgere</strong></span> <span class='ocrx_word' id='word_1_106' title='bbox 556 2235 618 2298; x_wconf 90' lang='lat' dir='ltr'><strong>nisi</strong></span> <span class='ocrx_word' id='word_1_107' title='bbox 642 2224 812 2317; x_wconf 86' lang='lat' dir='ltr'><strong>adjuvante</strong></span> <span class='ocrx_word' id='word_1_108' title='bbox 846 2238 1005 2300; x_wconf 91' lang='lat' dir='ltr'><strong>Germano</strong></span> <span class='ocrx_word' id='word_1_109' title='bbox 1043 2256 1126 2319; x_wconf 92' lang='lat' dir='ltr'><strong>quo·</strong></span> <span class='ocrx_word' id='word_1_110' title='bbox 1216 2299 1219 2307; x_wconf 80' lang='grc'>,</span> 
     </span>
     <span class='ocr_line' id='line_1_16' title="bbox 94 2337 1133 2423; baseline -0.007 -18"><span class='ocrx_word' id='word_1_111' title='bbox 94 2344 166 2405; x_wconf 89' lang='lat' dir='ltr'><strong>dam</strong></span> <span class='ocrx_word' id='word_1_112' title='bbox 196 2351 316 2423; x_wconf 88' lang='lat' dir='ltr'><strong>posset.</strong></span> <span class='ocrx_word' id='word_1_113' title='bbox 378 2341 525 2419; x_wconf 88' lang='lat' dir='ltr'><strong>Quorum</strong></span> <span class='ocrx_word' id='word_1_114' title='bbox 552 2359 625 2400; x_wconf 91' lang='lat' dir='ltr'><strong>cum</strong></span> <span class='ocrx_word' id='word_1_115' title='bbox 662 2338 751 2401; x_wconf 90' lang='lat' dir='ltr'><strong>multi</strong></span> <span class='ocrx_word' id='word_1_116' title='bbox 781 2337 1036 2413; x_wconf 86' lang='lat' dir='ltr'><strong>circumstarent,</strong></span> <span class='ocrx_word' id='word_1_117' title='bbox 1069 2355 1133 2398; x_wconf 52' lang='lat' dir='ltr'><strong>nex</strong></span> 
     </span>
     <span class='ocr_line' id='line_1_17' title="bbox 94 2437 1125 2521; baseline -0.008 -15"><span class='ocrx_word' id='word_1_118' title='bbox 94 2453 272 2506; x_wconf 76' lang='lat' dir='ltr'><strong>luctamen</strong></span> <span class='ocrx_word' id='word_1_119' title='bbox 302 2441 353 2500; x_wconf 90' lang='lat' dir='ltr'><strong>vel</strong></span> <span class='ocrx_word' id='word_1_120' title='bbox 373 2438 474 2521; x_wconf 81' lang='lat' dir='ltr'><strong>digito</strong></span> <span class='ocrx_word' id='word_1_121' title='bbox 496 2461 590 2501; x_wconf 91' lang='lat' dir='ltr'><strong>ausus</strong></span> <span class='ocrx_word' id='word_1_122' title='bbox 610 2450 658 2500; x_wconf 93' lang='lat' dir='ltr'><strong>est</strong></span> <span class='ocrx_word' id='word_1_123' title='bbox 686 2440 772 2501; x_wconf 90' lang='lat' dir='ltr'><strong>illum</strong></span> <span class='ocrx_word' id='word_1_124' title='bbox 790 2438 1011 2500; x_wconf 90' lang='lat' dir='ltr'><strong>inclementius</strong></span> <span class='ocrx_word' id='word_1_125' title='bbox 1031 2437 1125 2499; x_wconf 90' lang='lat' dir='ltr'><strong>attin·</strong></span> 
     </span>
     <span class='ocr_line' id='line_1_18' title="bbox 94 2539 1125 2624; baseline -0.007 -18"><span class='ocrx_word' id='word_1_126' title='bbox 94 2564 185 2624; x_wconf 85' lang='lat' dir='ltr'><strong>gere.</strong></span> <span class='ocrx_word' id='word_1_127' title='bbox 222 2543 371 2616; x_wconf 88' lang='lat' dir='ltr'><strong>Frustra,</strong></span> <span class='ocrx_word' id='word_1_128' title='bbox 393 2552 430 2601; x_wconf 91' lang='lat' dir='ltr'><strong>ut</strong></span> <span class='ocrx_word' id='word_1_129' title='bbox 451 2539 619 2621; x_wconf 85' lang='lat' dir='ltr'><strong>experior,</strong></span> <span class='ocrx_word' id='word_1_130' title='bbox 649 2541 711 2602; x_wconf 91' lang='lat' dir='ltr'><strong>hoc</strong></span> <span class='ocrx_word' id='word_1_131' title='bbox 732 2562 833 2622; x_wconf 86' lang='lat' dir='ltr'><strong>genus</strong></span> <span class='ocrx_word' id='word_1_132' title='bbox 853 2539 997 2601; x_wconf 89' lang='lat' dir='ltr'><strong>homines</strong></span> <span class='ocrx_word' id='word_1_133' title='bbox 1017 2540 1125 2617; x_wconf 89' lang='lat' dir='ltr'><strong>appel·</strong></span> 
     </span>
     <span class='ocr_line' id='line_1_19' title="bbox 96 2637 1125 2722; baseline -0.008 -14"><span class='ocrx_word' id='word_1_134' title='bbox 96 2645 196 2708; x_wconf 87' lang='lat' dir='ltr'><strong>lamus</strong></span> <span class='ocrx_word' id='word_1_135' title='bbox 217 2643 368 2721; x_wconf 83' lang='lat' dir='ltr'><strong>ignavos,</strong></span> <span class='ocrx_word' id='word_1_136' title='bbox 399 2640 460 2722; x_wconf 87' lang='lat' dir='ltr'><strong>ipsi</strong></span> <span class='ocrx_word' id='word_1_137' title='bbox 479 2641 627 2722; x_wconf 84' lang='lat' dir='ltr'><strong>profecto</strong></span> <span class='ocrx_word' id='word_1_138' title='bbox 654 2638 859 2722; x_wconf 87' lang='lat' dir='ltr'><strong>ignavissimi.</strong></span> <span class='ocrx_word' id='word_1_139' title='bbox 896 2649 1063 2704; x_wconf 84' lang='lat' dir='ltr'><strong>Aleander</strong></span> <span class='ocrx_word' id='word_1_140' title='bbox 1082 2637 1125 2700; x_wconf 84' lang='lat' dir='ltr'><strong>ita</strong></span> 
     </span>
     <span class='ocr_line' id='line_1_20' title="bbox 96 2737 1124 2823; baseline -0.002 -16"><span class='ocrx_word' id='word_1_141' title='bbox 96 2767 132 2808; x_wconf 87' lang='lat' dir='ltr'><strong>se</strong></span> <span class='ocrx_word' id='word_1_142' title='bbox 154 2754 270 2809; x_wconf 84' lang='lat' dir='ltr'><strong>Carolo</strong></span> <span class='ocrx_word' id='word_1_143' title='bbox 289 2741 478 2818; x_wconf 89' lang='lat' dir='ltr'><strong>insinuavit,</strong></span> <span class='ocrx_word' id='word_1_144' title='bbox 498 2752 533 2803; x_wconf 92' lang='lat' dir='ltr'><strong>ut</strong></span> <span class='ocrx_word' id='word_1_145' title='bbox 552 2740 673 2823; x_wconf 90' lang='lat' dir='ltr'><strong>ubique</strong></span> <span class='ocrx_word' id='word_1_146' title='bbox 691 2741 925 2821; x_wconf 87' lang='lat' dir='ltr'><strong>propemodum</strong></span> <span class='ocrx_word' id='word_1_147' title='bbox 944 2742 1030 2803; x_wconf 79' lang='lat' dir='ltr'><strong>lateri</strong></span> <span class='ocrx_word' id='word_1_148' title='bbox 1054 2737 1124 2821; x_wconf 84' lang='lat' dir='ltr'><strong>ejus</strong></span> 
     </span>
     <span class='ocr_line' id='line_1_21' title="bbox 94 2821 1124 2925; baseline -0.004 -17"><span class='ocrx_word' id='word_1_149' title='bbox 94 2846 259 2921; x_wconf 78' lang='lat' dir='ltr'><strong>inhaereat,</strong></span> <span class='ocrx_word' id='word_1_150' title='bbox 297 2821 498 2925; x_wconf 80' lang='lat' dir='ltr'><strong>pedissequis</strong></span> <span class='ocrx_word' id='word_1_151' title='bbox 541 2842 749 2923; x_wconf 91' lang='lat' dir='ltr'><strong>principibus.</strong></span> <span class='ocrx_word' id='word_1_152' title='bbox 815 2843 900 2902; x_wconf 88' lang='lat' dir='ltr'><strong>&#39;l&#39;oto</strong></span> <span class='ocrx_word' id='word_1_153' title='bbox 931 2842 983 2904; x_wconf 86' lang='lat' dir='ltr'><strong>die</strong></span> <span class='ocrx_word' id='word_1_154' title='bbox 1015 2852 1124 2904; x_wconf 90' lang='lat' dir='ltr'><strong>ternos</strong></span> 
     </span>
     <span class='ocr_line' id='line_1_22' title="bbox 95 2941 1124 3032; baseline -0.001 -23"><span class='ocrx_word' id='word_1_155' title='bbox 95 2958 313 3032; x_wconf 87' lang='lat' dir='ltr'><strong>quaternosve</strong></span> <span class='ocrx_word' id='word_1_156' title='bbox 342 2944 503 3023; x_wconf 88' lang='lat' dir='ltr'><strong>Hispanos</strong></span> <span class='ocrx_word' id='word_1_157' title='bbox 527 2941 636 3005; x_wconf 88' lang='lat' dir='ltr'><strong>videas</strong></span> <span class='ocrx_word' id='word_1_158' title='bbox 665 2942 757 3005; x_wconf 91' lang='lat' dir='ltr'><strong>mulis</strong></span> <span class='ocrx_word' id='word_1_159' title='bbox 790 2942 855 3005; x_wconf 90' lang='lat' dir='ltr'><strong>suis</strong></span> <span class='ocrx_word' id='word_1_160' title='bbox 887 2943 1040 3006; x_wconf 85' lang='lat' dir='ltr'><strong>sublimes</strong></span> <span class='ocrx_word' id='word_1_161' title='bbox 1065 2967 1124 3028; x_wconf 91' lang='lat' dir='ltr'><strong>per</strong></span> 
     </span>
     <span class='ocr_line' id='line_1_23' title="bbox 94 3043 1198 3120; baseline -0.003 -8"><span class='ocrx_word' id='word_1_162' title='bbox 94 3049 205 3112; x_wconf 80' lang='lat' dir='ltr'><strong>sorum</strong></span> <span class='ocrx_word' id='word_1_163' title='bbox 225 3044 317 3120; x_wconf 93' lang='lat' dir='ltr'><strong>vehi,</strong></span> <span class='ocrx_word' id='word_1_164' title='bbox 337 3043 429 3106; x_wconf 85' lang='lat' dir='ltr'><strong>turba</strong></span> <span class='ocrx_word' id='word_1_165' title='bbox 448 3043 611 3120; x_wconf 89' lang='lat' dir='ltr'><strong>submota,</strong></span> <span class='ocrx_word' id='word_1_166' title='bbox 632 3045 683 3107; x_wconf 86' lang='lat' dir='ltr'><strong>vel</strong></span> <span class='ocrx_word' id='word_1_167' title='bbox 703 3043 854 3106; x_wconf 86' lang='lat' dir='ltr'><strong>subtrita:</strong></span> <span class='ocrx_word' id='word_1_168' title='bbox 882 3055 914 3107; x_wconf 89' lang='lat' dir='ltr'><strong>et</strong></span> <span class='ocrx_word' id='word_1_169' title='bbox 932 3055 1072 3108; x_wconf 88' lang='lat' dir='ltr'><strong>tacemus</strong></span> <span class='ocrx_word' id='word_1_170' title='bbox 1092 3059 1126 3109; x_wconf 87' lang='lat' dir='ltr'><strong>et</strong></span> <span class='ocrx_word' id='word_1_171' title='bbox 1195 3077 1198 3082; x_wconf 93' lang='lat'>·</span> 
     </span>
     <span class='ocr_line' id='line_1_24' title="bbox 94 3144 1123 3223; baseline -0.004 -10"><span class='ocrx_word' id='word_1_172' title='bbox 94 3149 253 3221; x_wconf 88' lang='lat' dir='ltr'><strong>cedimus,</strong></span> <span class='ocrx_word' id='word_1_173' title='bbox 288 3156 357 3207; x_wconf 93' lang='lat' dir='ltr'><strong>toto</strong></span> <span class='ocrx_word' id='word_1_174' title='bbox 386 3146 461 3207; x_wconf 88' lang='lat' dir='ltr'><strong>foro</strong></span> <span class='ocrx_word' id='word_1_175' title='bbox 491 3145 604 3208; x_wconf 88' lang='lat' dir='ltr'><strong>exacti.</strong></span> <span class='ocrx_word' id='word_1_176' title='bbox 652 3144 729 3206; x_wconf 85' lang='lat' dir='ltr'><strong>Haec</strong></span> <span class='ocrx_word' id='word_1_177' title='bbox 755 3166 842 3207; x_wconf 90' lang='lat' dir='ltr'><strong>mera</strong></span> <span class='ocrx_word' id='word_1_178' title='bbox 860 3144 987 3208; x_wconf 88' lang='lat' dir='ltr'><strong>libertas</strong></span> <span class='ocrx_word' id='word_1_179' title='bbox 1006 3158 1123 3223; x_wconf 87' lang='lat' dir='ltr'><strong>nostra,</strong></span> 
     </span>
     <span class='ocr_line' id='line_1_25' title="bbox 94 3245 1124 3329; baseline -0.008 -13"><span class='ocrx_word' id='word_1_180' title='bbox 94 3250 147 3315; x_wconf 90' lang='lat' dir='ltr'><strong>cui</strong></span> <span class='ocrx_word' id='word_1_181' title='bbox 167 3249 195 3311; x_wconf 90' lang='lat' dir='ltr'><strong>si</strong></span> <span class='ocrx_word' id='word_1_182' title='bbox 214 3260 305 3329; x_wconf 91' lang='lat' dir='ltr'><strong>putas</strong></span> <span class='ocrx_word' id='word_1_183' title='bbox 325 3269 343 3307; x_wconf 91' lang='lat' dir='ltr'><strong>a</strong></span> <span class='ocrx_word' id='word_1_184' title='bbox 362 3256 393 3308; x_wconf 90' lang='lat' dir='ltr'><strong>te</strong></span> <span class='ocrx_word' id='word_1_185' title='bbox 412 3246 555 3307; x_wconf 88' lang='lat' dir='ltr'><strong>succurri</strong></span> <span class='ocrx_word' id='word_1_186' title='bbox 568 3267 676 3327; x_wconf 90' lang='lat' dir='ltr'><strong>posse,</strong></span> <span class='ocrx_word' id='word_1_187' title='bbox 703 3245 781 3329; x_wconf 90' lang='lat' dir='ltr'><strong>quid</strong></span> <span class='ocrx_word' id='word_1_188' title='bbox 800 3247 987 3326; x_wconf 83' lang='lat' dir='ltr'><strong>exspectas?</strong></span> <span class='ocrx_word' id='word_1_189' title='bbox 1006 3248 1124 3310; x_wconf 89' lang='lat' dir='ltr'><strong>disces-</strong></span> 
     </span>
     <span class='ocr_line' id='line_1_26' title="bbox 94 3347 1123 3426; baseline -0.01 -8"><span class='ocrx_word' id='word_1_190' title='bbox 94 3376 165 3418; x_wconf 86' lang='lat' dir='ltr'><strong>sum</strong></span> <span class='ocrx_word' id='word_1_191' title='bbox 185 3358 320 3416; x_wconf 78' lang='lat' dir='ltr'><strong>Caroli?</strong></span> <span class='ocrx_word' id='word_1_192' title='bbox 338 3347 430 3408; x_wconf 87' lang='lat' dir='ltr'><strong>nimis</strong></span> <span class='ocrx_word' id='word_1_193' title='bbox 450 3368 557 3409; x_wconf 90' lang='lat' dir='ltr'><strong>serum</strong></span> <span class='ocrx_word' id='word_1_194' title='bbox 569 3349 630 3408; x_wconf 92' lang='lat' dir='ltr'><strong>hoc</strong></span> <span class='ocrx_word' id='word_1_195' title='bbox 643 3348 771 3409; x_wconf 89' lang='lat' dir='ltr'><strong>videtur</strong></span> <span class='ocrx_word' id='word_1_196' title='bbox 785 3347 904 3422; x_wconf 93' lang='lat' dir='ltr'><strong>multis,</strong></span> <span class='ocrx_word' id='word_1_197' title='bbox 926 3363 1123 3426; x_wconf 84' lang='lat' dir='ltr'><strong>exspectare,</strong></span> 
     </span>
     <span class='ocr_line' id='line_1_27' title="bbox 94 3446 1123 3530; baseline -0.007 -12"><span class='ocrx_word' id='word_1_198' title='bbox 94 3456 200 3519; x_wconf 90' lang='lat' dir='ltr'><strong>donec</strong></span> <span class='ocrx_word' id='word_1_199' title='bbox 221 3451 254 3513; x_wconf 95' lang='lat' dir='ltr'><strong>in</strong></span> <span class='ocrx_word' id='word_1_200' title='bbox 275 3460 377 3511; x_wconf 89' lang='lat' dir='ltr'><strong>tutum</strong></span> <span class='ocrx_word' id='word_1_201' title='bbox 396 3469 430 3510; x_wconf 89' lang='lat' dir='ltr'><strong>se</strong></span> <span class='ocrx_word' id='word_1_202' title='bbox 458 3448 627 3527; x_wconf 89' lang='lat' dir='ltr'><strong>recipiant,</strong></span> <span class='ocrx_word' id='word_1_203' title='bbox 659 3470 739 3530; x_wconf 88' lang='lat' dir='ltr'><strong>quos</strong></span> <span class='ocrx_word' id='word_1_204' title='bbox 759 3451 844 3509; x_wconf 85' lang='lat' dir='ltr'><strong>solos</strong></span> <span class='ocrx_word' id='word_1_205' title='bbox 864 3446 971 3510; x_wconf 88' lang='lat' dir='ltr'><strong>ulcisci</strong></span> <span class='ocrx_word' id='word_1_206' title='bbox 991 3447 1123 3530; x_wconf 83' lang='lat' dir='ltr'><strong>dignum</strong></span> 
     </span>
     <span class='ocr_line' id='line_1_28' title="bbox 93 3547 1124 3633; baseline -0.013 -12"><span class='ocrx_word' id='word_1_207' title='bbox 93 3569 177 3631; x_wconf 89' lang='lat' dir='ltr'><strong>erat,</strong></span> <span class='ocrx_word' id='word_1_208' title='bbox 204 3552 321 3633; x_wconf 89' lang='lat' dir='ltr'><strong>quibus</strong></span> <span class='ocrx_word' id='word_1_209' title='bbox 340 3568 435 3611; x_wconf 91' lang='lat' dir='ltr'><strong>nemo</strong></span> <span class='ocrx_word' id='word_1_210' title='bbox 454 3548 629 3611; x_wconf 90' lang='lat' dir='ltr'><strong>libertatem</strong></span> <span class='ocrx_word' id='word_1_211' title='bbox 648 3550 865 3610; x_wconf 88' lang='lat' dir='ltr'><strong>Germanicam</strong></span> <span class='ocrx_word' id='word_1_212' title='bbox 881 3547 981 3625; x_wconf 69' lang='lat' dir='ltr'><strong>magis</strong></span> <span class='ocrx_word' id='word_1_213' title='bbox 1001 3569 1124 3630; x_wconf 84' lang='lat' dir='ltr'><strong>oppug-</strong></span> 
     </span>
     <span class='ocr_line' id='line_1_29' title="bbox 95 3647 1123 3732; baseline -0.011 -11"><span class='ocrx_word' id='word_1_214' title='bbox 95 3656 202 3732; x_wconf 89' lang='lat' dir='ltr'><strong>navit,</strong></span> <span class='ocrx_word' id='word_1_215' title='bbox 222 3673 317 3716; x_wconf 89' lang='lat' dir='ltr'><strong>nemo</strong></span> <span class='ocrx_word' id='word_1_216' title='bbox 338 3661 480 3718; x_wconf 78' lang='lat' dir='ltr'><strong>Luthero</strong></span> <span class='ocrx_word' id='word_1_217' title='bbox 501 3662 532 3712; x_wconf 93' lang='lat' dir='ltr'><strong>et</strong></span> <span class='ocrx_word' id='word_1_218' title='bbox 551 3649 608 3711; x_wconf 90' lang='lat' dir='ltr'><strong>tibi</strong></span> <span class='ocrx_word' id='word_1_219' title='bbox 628 3649 688 3728; x_wconf 91' lang='lat' dir='ltr'><strong>ipsi</strong></span> <span class='ocrx_word' id='word_1_220' title='bbox 708 3648 863 3711; x_wconf 80' lang='lat' dir='ltr'><strong>intensior</strong></span> <span class='ocrx_word' id='word_1_221' title='bbox 884 3648 962 3723; x_wconf 84' lang='lat' dir='ltr'><strong>fuir,</strong></span> <span class='ocrx_word' id='word_1_222' title='bbox 994 3647 1123 3710; x_wconf 90' lang='lat' dir='ltr'><strong>nuntios</strong></span> 
     </span>
     <span class='ocr_line' id='line_1_30' title="bbox 97 3747 1124 3840; baseline -0.008 -20"><span class='ocrx_word' id='word_1_223' title='bbox 97 3755 226 3840; x_wconf 90' lang='lat' dir='ltr'><strong>inquam</strong></span> <span class='ocrx_word' id='word_1_224' title='bbox 246 3755 324 3818; x_wconf 89' lang='lat' dir='ltr'><strong>istos</strong></span> <span class='ocrx_word' id='word_1_225' title='bbox 344 3751 561 3835; x_wconf 89' lang='lat' dir='ltr'><strong>Apostolicos.</strong></span> <span class='ocrx_word' id='word_1_226' title='bbox 601 3750 666 3831; x_wconf 87' lang='lat' dir='ltr'><strong>Qui</strong></span> <span class='ocrx_word' id='word_1_227' title='bbox 685 3747 712 3811; x_wconf 90' lang='lat' dir='ltr'><strong>si</strong></span> <span class='ocrx_word' id='word_1_228' title='bbox 730 3748 904 3811; x_wconf 87' lang='lat' dir='ltr'><strong>incolumes</strong></span> <span class='ocrx_word' id='word_1_229' title='bbox 924 3748 1124 3813; x_wconf 87' lang='lat' dir='ltr'><strong>eGermania</strong></span> 
     </span>
     <span class='ocr_line' id='line_1_31' title="bbox 96 3847 1124 3934; baseline -0.009 -13"><span class='ocrx_word' id='word_1_230' title='bbox 96 3856 295 3921; x_wconf 90' lang='lat' dir='ltr'><strong>dimittuntur</strong></span> <span class='ocrx_word' id='word_1_231' title='bbox 328 3877 345 3916; x_wconf 85' lang='lat' dir='ltr'><strong>a</strong></span> <span class='ocrx_word' id='word_1_232' title='bbox 370 3865 419 3931; x_wconf 85' lang='lat' dir='ltr'><strong>te,</strong></span> <span class='ocrx_word' id='word_1_233' title='bbox 461 3875 528 3918; x_wconf 89' lang='lat' dir='ltr'><strong>non</strong></span> <span class='ocrx_word' id='word_1_234' title='bbox 557 3852 706 3934; x_wconf 82' lang='lat' dir='ltr'><strong>exiguam</strong></span> <span class='ocrx_word' id='word_1_235' title='bbox 745 3847 988 3932; x_wconf 84' lang='lat' dir='ltr'><strong>exspectationis</strong></span> <span class='ocrx_word' id='word_1_236' title='bbox 1019 3850 1124 3923; x_wconf 81' lang='lat' dir='ltr'><strong>fecisti</strong></span> 
     </span>
     <span class='ocr_line' id='line_1_32' title="bbox 93 3937 1123 4040; baseline -0.006 -18"><span class='ocrx_word' id='word_1_237' title='bbox 93 3958 247 4040; x_wconf 80' lang='lat' dir='ltr'><strong>jacturam</strong></span> <span class='ocrx_word' id='word_1_238' title='bbox 266 3970 414 4023; x_wconf 81' lang='lat' dir='ltr'><strong>Huttene.</strong></span> <span class='ocrx_word' id='word_1_239' title='bbox 464 3937 606 4017; x_wconf 88' lang='lat' dir='ltr'><strong>Proinde</strong></span> <span class='ocrx_word' id='word_1_240' title='bbox 626 3950 792 4024; x_wconf 86' lang='lat' dir='ltr'><strong>incumbe,</strong></span> <span class='ocrx_word' id='word_1_241' title='bbox 824 3969 866 4009; x_wconf 88' lang='lat' dir='ltr'><strong>ne</strong></span> <span class='ocrx_word' id='word_1_242' title='bbox 885 3951 993 4012; x_wconf 88' lang='lat' dir='ltr'><strong>saltem</strong></span> <span class='ocrx_word' id='word_1_243' title='bbox 1013 3973 1123 4016; x_wconf 88' lang='lat' dir='ltr'><strong>omnes</strong></span> 
     </span>
     <span class='ocr_line' id='line_1_33' title="bbox 94 4049 1123 4134; baseline -0.007 -12"><span class='ocrx_word' id='word_1_244' title='bbox 94 4061 258 4123; x_wconf 87' lang='lat' dir='ltr'><strong>elabantur</strong></span> <span class='ocrx_word' id='word_1_245' title='bbox 277 4059 381 4134; x_wconf 74' lang='lat' dir='ltr'><strong>illaesi,</strong></span> <span class='ocrx_word' id='word_1_246' title='bbox 403 4077 444 4119; x_wconf 89' lang='lat' dir='ltr'><strong>ne</strong></span> <span class='ocrx_word' id='word_1_247' title='bbox 462 4056 553 4117; x_wconf 84' lang='lat' dir='ltr'><strong>minae</strong></span> <span class='ocrx_word' id='word_1_248' title='bbox 569 4054 634 4115; x_wconf 87' lang='lat' dir='ltr'><strong>istae</strong></span> <span class='ocrx_word' id='word_1_249' title='bbox 656 4066 714 4112; x_wconf 73' lang='lat' dir='ltr'><strong>ture</strong></span> <span class='ocrx_word' id='word_1_250' title='bbox 734 4049 859 4130; x_wconf 87' lang='lat' dir='ltr'><strong>penitus</strong></span> <span class='ocrx_word' id='word_1_251' title='bbox 880 4049 988 4114; x_wconf 88' lang='lat' dir='ltr'><strong>inanes</strong></span> <span class='ocrx_word' id='word_1_252' title='bbox 1009 4052 1123 4116; x_wconf 89' lang='lat' dir='ltr'><strong>intelli-</strong></span> 
     </span>
     <span class='ocr_line' id='line_1_34' title="bbox 95 4150 1122 4244; baseline -0.009 -19"><span class='ocrx_word' id='word_1_253' title='bbox 95 4173 213 4244; x_wconf 86' lang='lat' dir='ltr'><strong>gantur</strong></span> <span class='ocrx_word' id='word_1_254' title='bbox 226 4161 337 4223; x_wconf 80' lang='lat' dir='ltr'><strong>suisse.</strong></span> <span class='ocrx_word' id='word_1_255' title='bbox 378 4159 411 4220; x_wconf 89' lang='lat' dir='ltr'><strong>Si</strong></span> <span class='ocrx_word' id='word_1_256' title='bbox 427 4157 544 4219; x_wconf 90' lang='lat' dir='ltr'><strong>bellum</strong></span> <span class='ocrx_word' id='word_1_257' title='bbox 558 4153 737 4216; x_wconf 83' lang='lat' dir='ltr'><strong>laciendum</strong></span> <span class='ocrx_word' id='word_1_258' title='bbox 758 4161 806 4213; x_wconf 90' lang='lat' dir='ltr'><strong>cst</strong></span> <span class='ocrx_word' id='word_1_259' title='bbox 828 4150 1019 4226; x_wconf 86' lang='lat' dir='ltr'><strong>Curtisanis,</strong></span> <span class='ocrx_word' id='word_1_260' title='bbox 1040 4174 1122 4235; x_wconf 92' lang='lat' dir='ltr'><strong>quos</strong></span> 
     </span>
     <span class='ocr_line' id='line_1_35' title="bbox 95 4252 1122 4337; baseline -0.009 -12"><span class='ocrx_word' id='word_1_261' title='bbox 95 4273 231 4337; x_wconf 90' lang='lat' dir='ltr'><strong>vocant,</strong></span> <span class='ocrx_word' id='word_1_262' title='bbox 250 4262 298 4324; x_wconf 88' lang='lat' dir='ltr'><strong>his</strong></span> <span class='ocrx_word' id='word_1_263' title='bbox 317 4259 453 4322; x_wconf 84' lang='lat' dir='ltr'><strong>maxime</strong></span> <span class='ocrx_word' id='word_1_264' title='bbox 473 4256 653 4320; x_wconf 85' lang='lat' dir='ltr'><strong>laciendum</strong></span> <span class='ocrx_word' id='word_1_265' title='bbox 674 4269 738 4327; x_wconf 89' lang='lat' dir='ltr'><strong>est,</strong></span> <span class='ocrx_word' id='word_1_266' title='bbox 759 4252 815 4334; x_wconf 90' lang='lat' dir='ltr'><strong>qui</strong></span> <span class='ocrx_word' id='word_1_267' title='bbox 834 4263 869 4313; x_wconf 93' lang='lat' dir='ltr'><strong>ut</strong></span> <span class='ocrx_word' id='word_1_268' title='bbox 884 4252 1034 4314; x_wconf 88' lang='lat' dir='ltr'><strong>Germani</strong></span> <span class='ocrx_word' id='word_1_269' title='bbox 1055 4275 1122 4316; x_wconf 92' lang='lat' dir='ltr'><strong>non</strong></span> 
     </span>
     <span class='ocr_line' id='line_1_36' title="bbox 95 4355 1123 4441; baseline -0.01 -13"><span class='ocrx_word' id='word_1_270' title='bbox 95 4378 188 4441; x_wconf 90' lang='lat' dir='ltr'><strong>sunt,</strong></span> <span class='ocrx_word' id='word_1_271' title='bbox 208 4362 253 4425; x_wconf 91' lang='lat' dir='ltr'><strong>ita</strong></span> <span class='ocrx_word' id='word_1_272' title='bbox 271 4363 449 4427; x_wconf 87' lang='lat' dir='ltr'><strong>Germanos</strong></span> <span class='ocrx_word' id='word_1_273' title='bbox 468 4357 604 4422; x_wconf 82' lang='lat' dir='ltr'><strong>maxime</strong></span> <span class='ocrx_word' id='word_1_274' title='bbox 625 4355 764 4420; x_wconf 90' lang='lat' dir='ltr'><strong>oderunt</strong></span> <span class='ocrx_word' id='word_1_275' title='bbox 782 4364 816 4417; x_wconf 91' lang='lat' dir='ltr'><strong>et</strong></span> <span class='ocrx_word' id='word_1_276' title='bbox 830 4365 964 4416; x_wconf 80' lang='lat' dir='ltr'><strong>vexatos</strong></span> <span class='ocrx_word' id='word_1_277' title='bbox 983 4357 1123 4435; x_wconf 81' lang='lat' dir='ltr'><strong>eupiunt.</strong></span> 
     </span>
    </p>
   </div>
   <div class='ocr_carea' id='block_1_3' title="bbox 0 0 1314 5108">
    <p class='ocr_par' dir='ltr' id='par_1_3' title="bbox 0 0 1314 5108">
     <span class='ocr_line' id='line_1_37' title="bbox 0 0 1314 5108; baseline 0 0"><span class='ocrx_word' id='word_1_278' title='bbox 0 0 1314 5108; x_wconf 95' lang='lat' dir='ltr'><strong> </strong></span> 
     </span>
    </p>
   </div>
  </div>
 </body>
</html>
