<?xml version="1.0" encoding="UTF-8"?>
<!DOCTYPE html PUBLIC "-//W3C//DTD XHTML 1.0 Transitional//EN"
    "http://www.w3.org/TR/xhtml1/DTD/xhtml1-transitional.dtd">
<html xmlns="http://www.w3.org/1999/xhtml" xml:lang="en" lang="en">
 <head>
  <title>
</title>
<meta http-equiv="Content-Type" content="text/html;charset=utf-8" />
  <meta name='ocr-system' content='tesseract 3.04.00' />
  <meta name='ocr-capabilities' content='ocr_page ocr_carea ocr_par ocr_line ocrx_word'/>
</head>
<body>
  <div class='ocr_page' id='page_1' title='image "./ulrichiabhutten00mngoog_0361.png"; bbox 0 0 2618 5108; ppageno 0'>
   <div class='ocr_carea' id='block_1_1' title="bbox 197 1415 1120 1518">
    <p class='ocr_par' dir='ltr' id='par_1_1' title="bbox 197 1415 1120 1518">
     <span class='ocr_line' id='line_1_1' title="bbox 197 1415 1120 1518; baseline 0.021 -31"><span class='ocrx_word' id='word_1_1' title='bbox 197 1415 363 1490; x_wconf 83' lang='lat' dir='ltr'><strong>Ulrichus</strong></span> <span class='ocrx_word' id='word_1_2' title='bbox 388 1421 571 1494; x_wconf 86' lang='lat' dir='ltr'><strong>Huttcnus</strong></span> <span class='ocrx_word' id='word_1_3' title='bbox 596 1423 719 1518; x_wconf 79' lang='lat' dir='ltr'><strong>Eques</strong></span> <span class='ocrx_word' id='word_1_4' title='bbox 744 1425 949 1500; x_wconf 80' lang='lat' dir='ltr'><strong>Desiderio.</strong></span> <span class='ocrx_word' id='word_1_5' title='bbox 965 1429 1120 1506; x_wconf 80' lang='lat' dir='ltr'><strong>Erasmo</strong></span> 
     </span>
    </p>
   </div>
   <div class='ocr_carea' id='block_1_2' title="bbox 347 1559 995 1663">
    <p class='ocr_par' dir='ltr' id='par_1_2' title="bbox 347 1559 995 1663">
     <span class='ocr_line' id='line_1_2' title="bbox 347 1559 995 1663; baseline 0.014 -33"><span class='ocrx_word' id='word_1_6' title='bbox 347 1559 623 1652; x_wconf 82' lang='lat' dir='ltr'><strong>Roterodamo,</strong></span> <span class='ocrx_word' id='word_1_7' title='bbox 651 1563 681 1632; x_wconf 92' lang='lat' dir='ltr'>T</span> <span class='ocrx_word' id='word_1_8' title='bbox 684 1563 840 1663; x_wconf 85' lang='lat' dir='ltr'><strong>heologo</strong></span> <span class='ocrx_word' id='word_1_9' title='bbox 867 1565 995 1657; x_wconf 21' lang='lat' dir='ltr'><strong>salut..</strong></span> 
     </span>
    </p>
   </div>
   <div class='ocr_carea' id='block_1_3' title="bbox 547 1807 773 1824">
    <p class='ocr_par' dir='ltr' id='par_1_3' title="bbox 547 1807 773 1824">
     <span class='ocr_line' id='line_1_3' title="bbox 547 1807 773 1824; baseline 0.022 -5"><span class='ocrx_word' id='word_1_10' title='bbox 547 1807 773 1824; x_wconf 47' lang='lat' dir='ltr'><strong>m</strong></span> 
     </span>
    </p>
   </div>
   <div class='ocr_carea' id='block_1_4' title="bbox 137 1959 1186 4502">
    <p class='ocr_par' dir='ltr' id='par_1_4' title="bbox 137 1959 1186 4502">
     <span class='ocr_line' id='line_1_4' title="bbox 146 1959 1168 2081; baseline 0.017 -28"><span class='ocrx_word' id='word_1_11' title='bbox 146 1959 256 2055; x_wconf 71' lang='lat' dir='ltr'><strong>Recte</strong></span> <span class='ocrx_word' id='word_1_12' title='bbox 282 1997 407 2069; x_wconf 77' lang='lat' dir='ltr'><strong>tandem</strong></span> <span class='ocrx_word' id='word_1_13' title='bbox 437 1998 610 2080; x_wconf 80' lang='lat' dir='ltr'><strong>intelligere</strong></span> <span class='ocrx_word' id='word_1_14' title='bbox 636 2001 756 2081; x_wconf 74' lang='lat' dir='ltr'><strong>coepisti</strong></span> <span class='ocrx_word' id='word_1_15' title='bbox 776 2006 926 2080; x_wconf 84' lang='lat' dir='ltr'><strong>Erasme,</strong></span> <span class='ocrx_word' id='word_1_16' title='bbox 957 2015 990 2066; x_wconf 81' lang='lat' dir='ltr'><strong>et</strong></span> <span class='ocrx_word' id='word_1_17' title='bbox 1011 2025 1062 2066; x_wconf 89' lang='lat' dir='ltr'><strong>me</strong></span> <span class='ocrx_word' id='word_1_18' title='bbox 1081 2005 1168 2070; x_wconf 83' lang='lat' dir='ltr'><strong>ferre</strong></span> 
     </span>
     <span class='ocr_line' id='line_1_5' title="bbox 147 2093 1167 2182; baseline 0.018 -30"><span class='ocrx_word' id='word_1_19' title='bbox 147 2093 379 2171; x_wconf 84' lang='lat' dir='ltr'><strong>dolcmissimc‚</strong></span> <span class='ocrx_word' id='word_1_20' title='bbox 412 2109 443 2166; x_wconf 84' lang='lat' dir='ltr'><strong>ct</strong></span> <span class='ocrx_word' id='word_1_21' title='bbox 475 2121 656 2163; x_wconf 88' lang='lat' dir='ltr'><strong>communes</strong></span> <span class='ocrx_word' id='word_1_22' title='bbox 687 2115 813 2166; x_wconf 80' lang='lat' dir='ltr'><strong>nostros</strong></span> <span class='ocrx_word' id='word_1_23' title='bbox 840 2105 955 2166; x_wconf 84' lang='lat' dir='ltr'><strong>amicos</strong></span> <span class='ocrx_word' id='word_1_24' title='bbox 974 2105 1019 2167; x_wconf 86' lang='lat' dir='ltr'><strong>sic</strong></span> <span class='ocrx_word' id='word_1_25' title='bbox 1037 2107 1167 2182; x_wconf 74' lang='lat' dir='ltr'><strong>sentire,</strong></span> 
     </span>
     <span class='ocr_line' id='line_1_6' title="bbox 146 2194 1166 2283; baseline 0.013 -28"><span class='ocrx_word' id='word_1_26' title='bbox 146 2194 263 2255; x_wconf 75' lang='lat' dir='ltr'><strong>sanum</strong></span> <span class='ocrx_word' id='word_1_27' title='bbox 292 2196 345 2258; x_wconf 80' lang='lat' dir='ltr'><strong>abs</strong></span> <span class='ocrx_word' id='word_1_28' title='bbox 377 2209 407 2258; x_wconf 83' lang='lat' dir='ltr'><strong>tc</strong></span> <span class='ocrx_word' id='word_1_29' title='bbox 432 2198 642 2280; x_wconf 80' lang='lat' dir='ltr'><strong>iniquissime,</strong></span> <span class='ocrx_word' id='word_1_30' title='bbox 678 2203 780 2283; x_wconf 89' lang='lat' dir='ltr'><strong>quod.</strong></span> <span class='ocrx_word' id='word_1_31' title='bbox 817 2226 889 2266; x_wconf 89' lang='lat' dir='ltr'><strong>cum</strong></span> <span class='ocrx_word' id='word_1_32' title='bbox 917 2225 1017 2267; x_wconf 88' lang='lat' dir='ltr'><strong>essem</strong></span> <span class='ocrx_word' id='word_1_33' title='bbox 1036 2206 1166 2270; x_wconf 75' lang='lat' dir='ltr'><strong>Basileoe</strong></span> 
     </span>
     <span class='ocr_line' id='line_1_7' title="bbox 144 2297 1167 2390; baseline 0.01 -32"><span class='ocrx_word' id='word_1_34' title='bbox 144 2297 362 2374; x_wconf 83' lang='lat' dir='ltr'><strong>superioribus</strong></span> <span class='ocrx_word' id='word_1_35' title='bbox 398 2300 527 2375; x_wconf 84' lang='lat' dir='ltr'><strong>diebus,</strong></span> <span class='ocrx_word' id='word_1_36' title='bbox 558 2303 755 2384; x_wconf 77' lang='lat' dir='ltr'><strong>acolioquio</strong></span> <span class='ocrx_word' id='word_1_37' title='bbox 781 2306 934 2384; x_wconf 81' lang='lat' dir='ltr'><strong>repulisti.</strong></span> <span class='ocrx_word' id='word_1_38' title='bbox 989 2307 1041 2369; x_wconf 94' lang='lat' dir='ltr'><strong>Ob</strong></span> <span class='ocrx_word' id='word_1_39' title='bbox 1070 2306 1167 2390; x_wconf 89' lang='lat' dir='ltr'><strong>idque</strong></span> 
     </span>
     <span class='ocr_line' id='line_1_8' title="bbox 143 2400 1166 2489; baseline 0.012 -32"><span class='ocrx_word' id='word_1_40' title='bbox 143 2418 297 2460; x_wconf 81' lang='lat' dir='ltr'><strong>excusare</strong></span> <span class='ocrx_word' id='word_1_41' title='bbox 318 2412 394 2479; x_wconf 76' lang='lat' dir='ltr'><strong>puto</strong></span> <span class='ocrx_word' id='word_1_42' title='bbox 416 2400 449 2463; x_wconf 88' lang='lat' dir='ltr'><strong>id</strong></span> <span class='ocrx_word' id='word_1_43' title='bbox 466 2402 584 2463; x_wconf 76' lang='lat' dir='ltr'><strong>iactum</strong></span> <span class='ocrx_word' id='word_1_44' title='bbox 603 2405 731 2477; x_wconf 88' lang='lat' dir='ltr'><strong>volens,</strong></span> <span class='ocrx_word' id='word_1_45' title='bbox 751 2405 886 2484; x_wconf 90' lang='lat' dir='ltr'><strong>primum</strong></span> <span class='ocrx_word' id='word_1_46' title='bbox 905 2407 991 2484; x_wconf 82' lang='lat' dir='ltr'><strong>apud</strong></span> <span class='ocrx_word' id='word_1_47' title='bbox 1011 2408 1166 2489; x_wconf 79' lang='lat' dir='ltr'><strong>quosdam</strong></span> 
     </span>
     <span class='ocr_line' id='line_1_9' title="bbox 143 2499 1166 2588; baseline 0.014 -30"><span class='ocrx_word' id='word_1_48' title='bbox 143 2499 231 2559; x_wconf 78' lang='lat' dir='ltr'><strong>varie</strong></span> <span class='ocrx_word' id='word_1_49' title='bbox 253 2500 284 2560; x_wconf 87' lang='lat' dir='ltr'><strong>id</strong></span> <span class='ocrx_word' id='word_1_50' title='bbox 305 2501 412 2581; x_wconf 73' lang='lat' dir='ltr'><strong>egisti,</strong></span> <span class='ocrx_word' id='word_1_51' title='bbox 434 2523 518 2562; x_wconf 89' lang='lat' dir='ltr'><strong>nuuc</strong></span> <span class='ocrx_word' id='word_1_52' title='bbox 541 2503 573 2562; x_wconf 91' lang='lat' dir='ltr'><strong>in</strong></span> <span class='ocrx_word' id='word_1_53' title='bbox 598 2501 728 2582; x_wconf 77' lang='lat' dir='ltr'><strong>epistola</strong></span> <span class='ocrx_word' id='word_1_54' title='bbox 747 2506 785 2566; x_wconf 84' lang='lat' dir='ltr'><strong>ad</strong></span> <span class='ocrx_word' id='word_1_55' title='bbox 798 2505 973 2567; x_wconf 81' lang='lat' dir='ltr'><strong>Laurinum</strong></span> <span class='ocrx_word' id='word_1_56' title='bbox 988 2508 1166 2588; x_wconf 79' lang='lat' dir='ltr'><strong>quemdam,</strong></span> 
     </span>
     <span class='ocr_line' id='line_1_10' title="bbox 144 2601 1166 2691; baseline 0.012 -32"><span class='ocrx_word' id='word_1_57' title='bbox 144 2621 237 2681; x_wconf 83' lang='lat' dir='ltr'><strong>quam</strong></span> <span class='ocrx_word' id='word_1_58' title='bbox 258 2601 378 2662; x_wconf 81' lang='lat' dir='ltr'><strong>Basilea</strong></span> <span class='ocrx_word' id='word_1_59' title='bbox 398 2602 524 2664; x_wconf 76' lang='lat' dir='ltr'><strong>mittunt</strong></span> <span class='ocrx_word' id='word_1_60' title='bbox 542 2603 650 2664; x_wconf 84' lang='lat' dir='ltr'><strong>adme</strong></span> <span class='ocrx_word' id='word_1_61' title='bbox 670 2604 837 2667; x_wconf 82' lang='lat' dir='ltr'><strong>necessarii</strong></span> <span class='ocrx_word' id='word_1_62' title='bbox 859 2605 919 2666; x_wconf 87' lang='lat' dir='ltr'><strong>mei</strong></span> <span class='ocrx_word' id='word_1_63' title='bbox 937 2605 1020 2687; x_wconf 80' lang='lat' dir='ltr'><strong>typis</strong></span> <span class='ocrx_word' id='word_1_64' title='bbox 1033 2628 1166 2691; x_wconf 87' lang='lat' dir='ltr'><strong>quoque</strong></span> 
     </span>
     <span class='ocr_line' id='line_1_11' title="bbox 142 2702 1167 2786; baseline 0.008 -23"><span class='ocrx_word' id='word_1_65' title='bbox 142 2723 309 2777; x_wconf 81' lang='lat' dir='ltr'><strong>excusam,</strong></span> <span class='ocrx_word' id='word_1_66' title='bbox 346 2702 426 2764; x_wconf 84' lang='lat' dir='ltr'><strong>miro</strong></span> <span class='ocrx_word' id='word_1_67' title='bbox 467 2703 605 2786; x_wconf 83' lang='lat' dir='ltr'><strong>quodam</strong></span> <span class='ocrx_word' id='word_1_68' title='bbox 646 2705 798 2783; x_wconf 84' lang='lat' dir='ltr'><strong>figmento</strong></span> <span class='ocrx_word' id='word_1_69' title='bbox 840 2705 968 2767; x_wconf 64' lang='lat' dir='ltr'><strong>uteris·</strong></span> <span class='ocrx_word' id='word_1_70' title='bbox 1006 2705 1058 2769; x_wconf 78' lang='lat' dir='ltr'><strong>Sic</strong></span> <span class='ocrx_word' id='word_1_71' title='bbox 1082 2707 1167 2771; x_wconf 89' lang='lat' dir='ltr'><strong>enim</strong></span> 
     </span>
     <span class='ocr_line' id='line_1_12' title="bbox 142 2801 1186 2888; baseline 0.007 -24"><span class='ocrx_word' id='word_1_72' title='bbox 142 2801 270 2864; x_wconf 85' lang='lat' dir='ltr'><strong>scribis:</strong></span> <span class='ocrx_word' id='word_1_73' title='bbox 300 2802 383 2874; x_wconf 86' lang='lat' dir='ltr'><strong>„suit</strong></span> <span class='ocrx_word' id='word_1_74' title='bbox 408 2804 458 2864; x_wconf 90' lang='lat' dir='ltr'><strong>hic</strong></span> <span class='ocrx_word' id='word_1_75' title='bbox 485 2805 660 2879; x_wconf 77' lang='lat' dir='ltr'><strong>Huucnus,</strong></span> <span class='ocrx_word' id='word_1_76' title='bbox 688 2824 861 2883; x_wconf 80' lang='lat' dir='ltr'><strong>paucorum</strong></span> <span class='ocrx_word' id='word_1_77' title='bbox 888 2803 1012 2867; x_wconf 84' lang='lat' dir='ltr'><strong>dierum</strong></span> <span class='ocrx_word' id='word_1_78' title='bbox 1037 2807 1186 2888; x_wconf 82' lang='lat' dir='ltr'><strong>hospes..</strong></span> 
     </span>
     <span class='ocr_line' id='line_1_13' title="bbox 145 2902 1166 2986; baseline 0.006 -25"><span class='ocrx_word' id='word_1_79' title='bbox 145 2902 299 2976; x_wconf 76' lang='lat' dir='ltr'><strong>„Interim</strong></span> <span class='ocrx_word' id='word_1_80' title='bbox 319 2925 378 2964; x_wconf 85' lang='lat' dir='ltr'><strong>nec</strong></span> <span class='ocrx_word' id='word_1_81' title='bbox 399 2904 449 2966; x_wconf 84' lang='lat' dir='ltr'><strong>ille</strong></span> <span class='ocrx_word' id='word_1_82' title='bbox 468 2926 519 2966; x_wconf 87' lang='lat' dir='ltr'><strong>me</strong></span> <span class='ocrx_word' id='word_1_83' title='bbox 538 2904 627 2978; x_wconf 80' lang='lat' dir='ltr'><strong>adiit,</strong></span> <span class='ocrx_word' id='word_1_84' title='bbox 658 2924 717 2965; x_wconf 86' lang='lat' dir='ltr'><strong>nec</strong></span> <span class='ocrx_word' id='word_1_85' title='bbox 737 2924 799 2986; x_wconf 83' lang='lat' dir='ltr'><strong>ego</strong></span> <span class='ocrx_word' id='word_1_86' title='bbox 819 2904 915 2967; x_wconf 87' lang='lat' dir='ltr'><strong>illum.</strong></span> <span class='ocrx_word' id='word_1_87' title='bbox 954 2907 996 2968; x_wconf 85' lang='lat' dir='ltr'><strong>Et</strong></span> <span class='ocrx_word' id='word_1_88' title='bbox 1014 2915 1119 2968; x_wconf 66' lang='lat' dir='ltr'><strong>tamen</strong></span> <span class='ocrx_word' id='word_1_89' title='bbox 1137 2904 1166 2967; x_wconf 89' lang='lat' dir='ltr'><strong>si</strong></span> 
     </span>
     <span class='ocr_line' id='line_1_14' title="bbox 141 3003 1163 3091; baseline 0.004 -25"><span class='ocrx_word' id='word_1_90' title='bbox 141 3026 216 3078; x_wconf 84' lang='lat' dir='ltr'><strong>„me</strong></span> <span class='ocrx_word' id='word_1_91' title='bbox 237 3004 453 3078; x_wconf 84' lang='lat' dir='ltr'><strong>convenisset,</strong></span> <span class='ocrx_word' id='word_1_92' title='bbox 482 3026 548 3066; x_wconf 90' lang='lat' dir='ltr'><strong>non</strong></span> <span class='ocrx_word' id='word_1_93' title='bbox 573 3003 756 3084; x_wconf 85' lang='lat' dir='ltr'><strong>repulissem</strong></span> <span class='ocrx_word' id='word_1_94' title='bbox 775 3005 933 3068; x_wconf 88' lang='lat' dir='ltr'><strong>hominem</strong></span> <span class='ocrx_word' id='word_1_95' title='bbox 952 3028 970 3068; x_wconf 79' lang='lat' dir='ltr'>a</span> <span class='ocrx_word' id='word_1_96' title='bbox 989 3007 1163 3091; x_wconf 83' lang='lat' dir='ltr'><strong>colloquio,</strong></span> 
     </span>
     <span class='ocr_line' id='line_1_15' title="bbox 142 3105 1162 3189; baseline 0.007 -25"><span class='ocrx_word' id='word_1_97' title='bbox 142 3116 308 3179; x_wconf 79' lang='lat' dir='ltr'><strong>„veterem</strong></span> <span class='ocrx_word' id='word_1_98' title='bbox 329 3105 463 3167; x_wconf 79' lang='lat' dir='ltr'><strong>amicum</strong></span> <span class='ocrx_word' id='word_1_99' title='bbox 482 3117 542 3167; x_wconf 87' lang='lat' dir='ltr'><strong>etc.</strong></span> <span class='ocrx_word' id='word_1_100' title='bbox 592 3106 634 3166; x_wconf 87' lang='lat' dir='ltr'><strong>Et</strong></span> <span class='ocrx_word' id='word_1_101' title='bbox 654 3117 725 3184; x_wconf 85' lang='lat' dir='ltr'><strong>post</strong></span> <span class='ocrx_word' id='word_1_102' title='bbox 744 3128 798 3168; x_wconf 85' lang='lat' dir='ltr'><strong>ea:</strong></span> <span class='ocrx_word' id='word_1_103' title='bbox 826 3106 904 3178; x_wconf 89' lang='lat' dir='ltr'><strong>„sed</strong></span> <span class='ocrx_word' id='word_1_104' title='bbox 931 3106 1083 3189; x_wconf 81' lang='lat' dir='ltr'><strong>quoniam</strong></span> <span class='ocrx_word' id='word_1_105' title='bbox 1101 3129 1162 3172; x_wconf 84' lang='lat' dir='ltr'><strong>nee</strong></span> 
     </span>
     <span class='ocr_line' id='line_1_16' title="bbox 141 3205 1162 3290; baseline 0.004 -24"><span class='ocrx_word' id='word_1_106' title='bbox 141 3205 219 3280; x_wconf 83' lang='lat' dir='ltr'><strong>„ine</strong></span> <span class='ocrx_word' id='word_1_107' title='bbox 249 3207 291 3266; x_wconf 86' lang='lat' dir='ltr'><strong>ob</strong></span> <span class='ocrx_word' id='word_1_108' title='bbox 319 3208 480 3267; x_wconf 83' lang='lat' dir='ltr'><strong>adversam</strong></span> <span class='ocrx_word' id='word_1_109' title='bbox 500 3205 728 3283; x_wconf 84' lang='lat' dir='ltr'><strong>valetudinem,</strong></span> <span class='ocrx_word' id='word_1_110' title='bbox 759 3218 884 3287; x_wconf 76' lang='lat' dir='ltr'><strong>poterat</strong></span> <span class='ocrx_word' id='word_1_111' title='bbox 904 3206 943 3268; x_wconf 87' lang='lat' dir='ltr'><strong>ab</strong></span> <span class='ocrx_word' id='word_1_112' title='bbox 961 3208 1162 3290; x_wconf 71' lang='lat' dir='ltr'><strong>hypocaustis</strong></span> 
     </span>
     <span class='ocr_line' id='line_1_17' title="bbox 140 3306 1163 3389; baseline 0.005 -22"><span class='ocrx_word' id='word_1_113' title='bbox 140 3352 156 3380; x_wconf 84' lang='lat'><strong>‚‚</strong></span> <span class='ocrx_word' id='word_1_114' title='bbox 169 3306 298 3381; x_wconf 76' lang='lat' dir='ltr'><strong>abesse,</strong></span> <span class='ocrx_word' id='word_1_115' title='bbox 327 3327 387 3368; x_wconf 89' lang='lat' dir='ltr'><strong>nec</strong></span> <span class='ocrx_word' id='word_1_116' title='bbox 406 3328 468 3389; x_wconf 79' lang='lat' dir='ltr'><strong>ego</strong></span> <span class='ocrx_word' id='word_1_117' title='bbox 489 3306 593 3382; x_wconf 84' lang='lat' dir='ltr'><strong>serre,</strong></span> <span class='ocrx_word' id='word_1_118' title='bbox 619 3307 736 3370; x_wconf 72' lang='lat' dir='ltr'><strong>factum</strong></span> <span class='ocrx_word' id='word_1_119' title='bbox 755 3319 818 3382; x_wconf 83' lang='lat' dir='ltr'><strong>est,</strong></span> <span class='ocrx_word' id='word_1_120' title='bbox 844 3318 879 3368; x_wconf 85' lang='lat' dir='ltr'><strong>ut</strong></span> <span class='ocrx_word' id='word_1_121' title='bbox 898 3319 1011 3371; x_wconf 78' lang='lat' dir='ltr'><strong>neuter</strong></span> <span class='ocrx_word' id='word_1_122' title='bbox 1029 3311 1163 3373; x_wconf 79' lang='lat' dir='ltr'><strong>alterum</strong></span> 
     </span>
     <span class='ocr_line' id='line_1_18' title="bbox 141 3408 1163 3490; baseline 0.006 -24"><span class='ocrx_word' id='word_1_123' title='bbox 141 3453 157 3481; x_wconf 81' lang='lat'><strong>„</strong></span> <span class='ocrx_word' id='word_1_124' title='bbox 169 3408 322 3469; x_wconf 81' lang='lat' dir='ltr'><strong>vide1·it!“</strong></span> <span class='ocrx_word' id='word_1_125' title='bbox 355 3408 440 3488; x_wconf 83' lang='lat' dir='ltr'><strong>Quid</strong></span> <span class='ocrx_word' id='word_1_126' title='bbox 460 3409 538 3483; x_wconf 90' lang='lat' dir='ltr'><strong>hoc,</strong></span> <span class='ocrx_word' id='word_1_127' title='bbox 566 3429 694 3490; x_wconf 87' lang='lat' dir='ltr'><strong>quaeso,</strong></span> <span class='ocrx_word' id='word_1_128' title='bbox 722 3408 890 3470; x_wconf 84' lang='lat' dir='ltr'><strong>commenti</strong></span> <span class='ocrx_word' id='word_1_129' title='bbox 917 3408 991 3470; x_wconf 81' lang='lat' dir='ltr'><strong>est?</strong></span> <span class='ocrx_word' id='word_1_130' title='bbox 1018 3411 1096 3488; x_wconf 76' lang='lat' dir='ltr'><strong>Qum</strong></span> <span class='ocrx_word' id='word_1_131' title='bbox 1115 3408 1163 3472; x_wconf 79' lang='lat' dir='ltr'><strong>fa·</strong></span> 
     </span>
     <span class='ocr_line' id='line_1_19' title="bbox 140 3507 1161 3591; baseline 0 -21"><span class='ocrx_word' id='word_1_132' title='bbox 140 3507 238 3570; x_wconf 76' lang='lat' dir='ltr'><strong>bula?</strong></span> <span class='ocrx_word' id='word_1_133' title='bbox 259 3511 332 3570; x_wconf 92' lang='lat' dir='ltr'><strong>Hoc</strong></span> <span class='ocrx_word' id='word_1_134' title='bbox 350 3507 410 3569; x_wconf 81' lang='lat' dir='ltr'><strong>snit</strong></span> <span class='ocrx_word' id='word_1_135' title='bbox 431 3508 463 3569; x_wconf 91' lang='lat' dir='ltr'><strong>in</strong></span> <span class='ocrx_word' id='word_1_136' title='bbox 484 3529 593 3583; x_wconf 83' lang='lat' dir='ltr'><strong>causa,</strong></span> <span class='ocrx_word' id='word_1_137' title='bbox 629 3530 694 3591; x_wconf 92' lang='lat' dir='ltr'><strong>quo</strong></span> <span class='ocrx_word' id='word_1_138' title='bbox 714 3509 816 3572; x_wconf 90' lang='lat' dir='ltr'><strong>minus</strong></span> <span class='ocrx_word' id='word_1_139' title='bbox 836 3508 1017 3571; x_wconf 77' lang='lat' dir='ltr'><strong>sciremus?</strong></span> <span class='ocrx_word' id='word_1_140' title='bbox 1039 3510 1108 3570; x_wconf 86' lang='lat' dir='ltr'><strong>Nec</strong></span> <span class='ocrx_word' id='word_1_141' title='bbox 1125 3518 1161 3570; x_wconf 81' lang='lat' dir='ltr'><strong>tu</strong></span> 
     </span>
     <span class='ocr_line' id='line_1_20' title="bbox 139 3606 1160 3691; baseline -0.003 -17"><span class='ocrx_word' id='word_1_142' title='bbox 139 3612 327 3691; x_wconf 79' lang='lat' dir='ltr'><strong>deprecatus</strong></span> <span class='ocrx_word' id='word_1_143' title='bbox 344 3631 377 3671; x_wconf 88' lang='lat' dir='ltr'><strong>es</strong></span> <span class='ocrx_word' id='word_1_144' title='bbox 398 3632 415 3670; x_wconf 81' lang='lat' dir='ltr'>a</span> <span class='ocrx_word' id='word_1_145' title='bbox 432 3630 481 3671; x_wconf 87' lang='lat' dir='ltr'><strong>me</strong></span> <span class='ocrx_word' id='word_1_146' title='bbox 499 3609 612 3684; x_wconf 76' lang='lat' dir='ltr'><strong>steiim,</strong></span> <span class='ocrx_word' id='word_1_147' title='bbox 632 3609 744 3672; x_wconf 89' lang='lat' dir='ltr'><strong>urbem</strong></span> <span class='ocrx_word' id='word_1_148' title='bbox 759 3611 920 3690; x_wconf 84' lang='lat' dir='ltr'><strong>ingresso,</strong></span> <span class='ocrx_word' id='word_1_149' title='bbox 940 3629 981 3670; x_wconf 84' lang='lat' dir='ltr'><strong>ne</strong></span> <span class='ocrx_word' id='word_1_150' title='bbox 995 3618 1028 3669; x_wconf 86' lang='lat' dir='ltr'><strong>te</strong></span> <span class='ocrx_word' id='word_1_151' title='bbox 1042 3606 1160 3671; x_wconf 85' lang='lat' dir='ltr'><strong>invise·</strong></span> 
     </span>
     <span class='ocr_line' id='line_1_21' title="bbox 139 3695 1158 3794; baseline -0.004 -19"><span class='ocrx_word' id='word_1_152' title='bbox 139 3734 226 3787; x_wconf 80' lang='lat' dir='ltr'><strong>rem,</strong></span> <span class='ocrx_word' id='word_1_153' title='bbox 249 3712 337 3794; x_wconf 85' lang='lat' dir='ltr'><strong>quod</strong></span> <span class='ocrx_word' id='word_1_154' title='bbox 355 3695 419 3773; x_wconf 26' lang='lat' dir='ltr'><strong>hoc*</strong></span> <span class='ocrx_word' id='word_1_155' title='bbox 436 3712 506 3773; x_wconf 82' lang='lat' dir='ltr'><strong>fieri</strong></span> <span class='ocrx_word' id='word_1_156' title='bbox 527 3732 591 3772; x_wconf 90' lang='lat' dir='ltr'><strong>non</strong></span> <span class='ocrx_word' id='word_1_157' title='bbox 612 3722 719 3791; x_wconf 77' lang='lat' dir='ltr'><strong>posset</strong></span> <span class='ocrx_word' id='word_1_158' title='bbox 737 3710 815 3772; x_wconf 77' lang='lat' dir='ltr'><strong>citra</strong></span> <span class='ocrx_word' id='word_1_159' title='bbox 838 3709 1005 3785; x_wconf 83' lang='lat' dir='ltr'><strong>invidiam,</strong></span> <span class='ocrx_word' id='word_1_160' title='bbox 1026 3729 1090 3789; x_wconf 81' lang='lat' dir='ltr'><strong>qna</strong></span> <span class='ocrx_word' id='word_1_161' title='bbox 1108 3730 1158 3772; x_wconf 88' lang='lat' dir='ltr'><strong>me</strong></span> 
     </span>
     <span class='ocr_line' id='line_1_22' title="bbox 138 3807 1159 3894; baseline -0.005 -18"><span class='ocrx_word' id='word_1_162' title='bbox 138 3835 206 3876; x_wconf 90' lang='lat' dir='ltr'><strong>non</strong></span> <span class='ocrx_word' id='word_1_163' title='bbox 235 3815 364 3875; x_wconf 84' lang='lat' dir='ltr'><strong>deceret</strong></span> <span class='ocrx_word' id='word_1_164' title='bbox 392 3833 525 3894; x_wconf 80' lang='lat' dir='ltr'><strong>gravare</strong></span> <span class='ocrx_word' id='word_1_165' title='bbox 551 3811 708 3874; x_wconf 83' lang='lat' dir='ltr'><strong>amicum?</strong></span> <span class='ocrx_word' id='word_1_166' title='bbox 737 3814 872 3892; x_wconf 79' lang='lat' dir='ltr'><strong>Quaeso,</strong></span> <span class='ocrx_word' id='word_1_167' title='bbox 900 3808 968 3873; x_wconf 87' lang='lat' dir='ltr'><strong>sive</strong></span> <span class='ocrx_word' id='word_1_168' title='bbox 987 3807 1159 3871; x_wconf 65' lang='lat' dir='ltr'><strong>leviusculas</strong></span> 
     </span>
     <span class='ocr_line' id='line_1_23' title="bbox 137 3908 1158 3996; baseline -0.01 -15"><span class='ocrx_word' id='word_1_169' title='bbox 137 3938 192 3982; x_wconf 85' lang='lat' dir='ltr'><strong>res</strong></span> <span class='ocrx_word' id='word_1_170' title='bbox 210 3928 274 3989; x_wconf 85' lang='lat' dir='ltr'><strong>est,</strong></span> <span class='ocrx_word' id='word_1_171' title='bbox 298 3926 332 3976; x_wconf 88' lang='lat' dir='ltr'><strong>ut</strong></span> <span class='ocrx_word' id='word_1_172' title='bbox 351 3913 479 3996; x_wconf 88' lang='lat' dir='ltr'><strong>quidem</strong></span> <span class='ocrx_word' id='word_1_173' title='bbox 499 3912 602 3974; x_wconf 87' lang='lat' dir='ltr'><strong>videri</strong></span> <span class='ocrx_word' id='word_1_174' title='bbox 621 3923 727 3992; x_wconf 80' lang='lat' dir='ltr'><strong>potest</strong></span> <span class='ocrx_word' id='word_1_175' title='bbox 746 3910 854 3986; x_wconf 80' lang='lat' dir='ltr'><strong>alicui,</strong></span> <span class='ocrx_word' id='word_1_176' title='bbox 883 3910 960 3992; x_wconf 88' lang='lat' dir='ltr'><strong>quid</strong></span> <span class='ocrx_word' id='word_1_177' title='bbox 979 3908 1071 3973; x_wconf 81' lang='lat' dir='ltr'><strong>edilis</strong></span> <span class='ocrx_word' id='word_1_178' title='bbox 1089 3931 1158 3971; x_wconf 91' lang='lat' dir='ltr'><strong>mo-</strong></span> 
     </span>
     <span class='ocr_line' id='line_1_24' title="bbox 137 4010 1158 4094; baseline -0.011 -12"><span class='ocrx_word' id='word_1_179' title='bbox 137 4016 296 4082; x_wconf 74' lang='lat' dir='ltr'><strong>numentis</strong></span> <span class='ocrx_word' id='word_1_180' title='bbox 310 4013 429 4077; x_wconf 82' lang='lat' dir='ltr'><strong>amoliri</strong></span> <span class='ocrx_word' id='word_1_181' title='bbox 449 4013 518 4089; x_wconf 85' lang='lat' dir='ltr'><strong>ejus</strong></span> <span class='ocrx_word' id='word_1_182' title='bbox 531 4013 586 4075; x_wconf 82' lang='lat' dir='ltr'><strong>abs</strong></span> <span class='ocrx_word' id='word_1_183' title='bbox 602 4012 793 4075; x_wconf 77' lang='lat' dir='ltr'><strong>teinvidiam</strong></span> <span class='ocrx_word' id='word_1_184' title='bbox 810 4011 941 4094; x_wconf 84' lang='lat' dir='ltr'><strong>dignum</strong></span> <span class='ocrx_word' id='word_1_185' title='bbox 959 4011 1070 4074; x_wconf 81' lang='lat' dir='ltr'><strong>ducis?</strong></span> <span class='ocrx_word' id='word_1_186' title='bbox 1084 4010 1158 4072; x_wconf 89' lang='lat' dir='ltr'><strong>Sive</strong></span> 
     </span>
     <span class='ocr_line' id='line_1_25' title="bbox 138 4112 1153 4196; baseline -0.01 -14"><span class='ocrx_word' id='word_1_187' title='bbox 138 4120 227 4193; x_wconf 65' lang='lat' dir='ltr'><strong>stalis,</strong></span> <span class='ocrx_word' id='word_1_188' title='bbox 248 4130 283 4179; x_wconf 89' lang='lat' dir='ltr'><strong>ut</strong></span> <span class='ocrx_word' id='word_1_189' title='bbox 302 4127 386 4179; x_wconf 81' lang='lat' dir='ltr'><strong>tuam</strong></span> <span class='ocrx_word' id='word_1_190' title='bbox 406 4115 449 4176; x_wconf 90' lang='lat' dir='ltr'><strong>ibi</strong></span> <span class='ocrx_word' id='word_1_191' title='bbox 467 4116 632 4196; x_wconf 84' lang='lat' dir='ltr'><strong>qnamdam</strong></span> <span class='ocrx_word' id='word_1_192' title='bbox 652 4115 775 4193; x_wconf 84' lang='lat' dir='ltr'><strong>culpam</strong></span> <span class='ocrx_word' id='word_1_193' title='bbox 800 4133 970 4194; x_wconf 81' lang='lat' dir='ltr'><strong>agnoscas,</strong></span> <span class='ocrx_word' id='word_1_194' title='bbox 990 4112 1153 4193; x_wconf 87' lang='lat' dir='ltr'><strong>quomodo</strong></span> 
     </span>
     <span class='ocr_line' id='line_1_26' title="bbox 138 4211 1156 4298; baseline -0.014 -14"><span class='ocrx_word' id='word_1_195' title='bbox 138 4221 236 4284; x_wconf 76' lang='lat' dir='ltr'><strong>audes</strong></span> <span class='ocrx_word' id='word_1_196' title='bbox 257 4219 290 4280; x_wconf 90' lang='lat' dir='ltr'><strong>in</strong></span> <span class='ocrx_word' id='word_1_197' title='bbox 310 4240 343 4280; x_wconf 87' lang='lat' dir='ltr'><strong>re</strong></span> <span class='ocrx_word' id='word_1_198' title='bbox 364 4215 509 4278; x_wconf 90' lang='lat' dir='ltr'><strong>omnibus</strong></span> <span class='ocrx_word' id='word_1_199' title='bbox 528 4228 603 4278; x_wconf 85' lang='lat' dir='ltr'><strong>nota</strong></span> <span class='ocrx_word' id='word_1_200' title='bbox 623 4217 762 4298; x_wconf 83' lang='lat' dir='ltr'><strong>fingere,</strong></span> <span class='ocrx_word' id='word_1_201' title='bbox 791 4227 822 4276; x_wconf 83' lang='lat' dir='ltr'><strong>et</strong></span> <span class='ocrx_word' id='word_1_202' title='bbox 841 4215 881 4275; x_wconf 81' lang='lat' dir='ltr'><strong>ab</strong></span> <span class='ocrx_word' id='word_1_203' title='bbox 900 4211 1081 4294; x_wconf 79' lang='lat' dir='ltr'><strong>ambagibus</strong></span> <span class='ocrx_word' id='word_1_204' title='bbox 1101 4212 1156 4272; x_wconf 88' lang='lat' dir='ltr'><strong>de-</strong></span> 
     </span>
     <span class='ocr_line' id='line_1_27' title="bbox 137 4309 1156 4412; baseline -0.014 -27"><span class='ocrx_word' id='word_1_205' title='bbox 137 4321 317 4386; x_wconf 79' lang='lat' dir='ltr'><strong>fensionem</strong></span> <span class='ocrx_word' id='word_1_206' title='bbox 336 4317 492 4381; x_wconf 80' lang='lat' dir='ltr'><strong>mutuari?</strong></span> <span class='ocrx_word' id='word_1_207' title='bbox 512 4321 584 4398; x_wconf 84' lang='lat' dir='ltr'><strong>Ego</strong></span> <span class='ocrx_word' id='word_1_208' title='bbox 605 4317 655 4378; x_wconf 85' lang='lat' dir='ltr'><strong>vel</strong></span> <span class='ocrx_word' id='word_1_209' title='bbox 674 4339 732 4412; x_wconf 72' lang='lat' dir='ltr'><strong>per</strong></span> <span class='ocrx_word' id='word_1_210' title='bbox 751 4314 977 4386; x_wconf 76' lang='lat' dir='ltr'><strong>vaietudinem‚</strong></span> <span class='ocrx_word' id='word_1_211' title='bbox 997 4313 1048 4373; x_wconf 87' lang='lat' dir='ltr'><strong>vel</strong></span> <span class='ocrx_word' id='word_1_212' title='bbox 1067 4309 1156 4373; x_wconf 72' lang='lat' dir='ltr'><strong>aliter</strong></span> 
     </span>
     <span class='ocr_line' id='line_1_28' title="bbox 137 4412 1157 4502; baseline -0.015 -18"><span class='ocrx_word' id='word_1_213' title='bbox 137 4423 179 4487; x_wconf 80' lang='lat' dir='ltr'><strong>ab</strong></span> <span class='ocrx_word' id='word_1_214' title='bbox 197 4421 409 4502; x_wconf 78' lang='lat' dir='ltr'><strong>hypocaustis,</strong></span> <span class='ocrx_word' id='word_1_215' title='bbox 428 4422 480 4482; x_wconf 78' lang='lat' dir='ltr'><strong>vel</strong></span> <span class='ocrx_word' id='word_1_216' title='bbox 494 4417 645 4481; x_wconf 80' lang='lat' dir='ltr'><strong>tantillum</strong></span> <span class='ocrx_word' id='word_1_217' title='bbox 664 4417 774 4481; x_wconf 83' lang='lat' dir='ltr'><strong>abesse</strong></span> <span class='ocrx_word' id='word_1_218' title='bbox 792 4437 860 4480; x_wconf 87' lang='lat' dir='ltr'><strong>non</strong></span> <span class='ocrx_word' id='word_1_219' title='bbox 876 4412 985 4498; x_wconf 80' lang='lat' dir='ltr'><strong>potui,</strong></span> <span class='ocrx_word' id='word_1_220' title='bbox 1004 4423 1042 4475; x_wconf 88' lang='lat' dir='ltr'><strong>nt</strong></span> <span class='ocrx_word' id='word_1_221' title='bbox 1058 4422 1091 4475; x_wconf 82' lang='lat' dir='ltr'><strong>tc</strong></span> <span class='ocrx_word' id='word_1_222' title='bbox 1107 4431 1157 4474; x_wconf 56' lang='lat' dir='ltr'><strong>se,</strong></span> 
     </span>
    </p>
   </div>
   <div class='ocr_carea' id='block_1_5' title="bbox 0 0 1314 5108">
    <p class='ocr_par' dir='ltr' id='par_1_5' title="bbox 0 0 1314 5108">
     <span class='ocr_line' id='line_1_29' title="bbox 0 0 1314 5108; baseline 0 4"><span class='ocrx_word' id='word_1_223' title='bbox 0 0 1314 5108; x_wconf 95' lang='lat' dir='ltr'><strong> </strong></span> 
     </span>
    </p>
   </div>
  </div>
 </body>
</html>
