2618 5108
336 764 511 838 adversus
535 762 773 863 adspergiues
798 764 960 841 Hutteni.
1086 765 1162 866 436,

139 954 244 1019 omnia
278 955 442 1019 molientes
487 975 737 1036 compescerem,
770 977 810 1020 an
839 959 914 1021 mihi
944 942 1157 1040 indignabitur

139 1057 317 1132 Hebenus,
337 1058 363 1118 si
382 1057 513 1121 vafricia
533 1057 609 1119 nulli
628 1057 724 1118 noxia
736 1045 825 1119 ¹meae
850 1058 940 1121 saluti
969 1057 1157 1122 consulam?
1241 1045 1251 1064 ’

137 1158 215 1218 Erat
233 1156 373 1218 Lovauii
397 1157 538 1220 furiosus
564 1157 690 1239 quidam
709 1156 901 1219 Praedicator
925 1159 1002 1220 mira
1020 1179 1158 1221 comme·

112 1268 316 1319 moraturus
351 1257 391 1317 de
416 1278 467 1319 me
499 1277 517 1317 a
542 1257 696 1337 prandio,
728 1255 762 1317 id
791 1256 875 1318 enim
906 1258 1092 1337 promiserat
1124 1257 1158 1322 in

137 1355 293 1417 concione
319 1356 493 1431 matutina·
534 1356 693 1417 Alearrder
718 1378 735 1417 a
761 1377 810 1417 me
837 1358 1032 1421 submonitus
1061 1358 1157 1421 misso

139 1456 253 1517 nuntio
274 1455 422 1536 imposuit
448 1455 567 1518 homini
587 1456 759 1531 silentium,
788 1456 906 1540 alioqui
924 1456 1157 1540 improbissimo

142 1558 267 1620 rabulae.
318 1555 397 1638 Quis
423 1578 487 1618 non
515 1556 713 1638 prudentiam
748 1558 882 1637 appellet
910 1558 1034 1637 potius,
1065 1559 1159 1621 etiam

140 1656 273 1721 inimicis
295 1658 380 1719 abuti
400 1658 439 1718 ad
458 1678 525 1719 rem
544 1658 650 1717 tuam?
670 1655 756 1735 Quin
777 1657 950 1740 Theologis
970 1659 1159 1741 quibusdam

138 1760 270 1819 multum
309 1756 451 1820 subsedit
482 1756 657 1817 animorum
690 1777 731 1817 ex
760 1756 810 1818 illa
841 1769 947 1819 nostra
970 1770 1046 1838 ‘tam
1075 1770 1159 1822 arcta

139 1857 344 1919 familiaritate
364 1877 537 1936 paucorum
558 1856 691 1917 dicrum.
739 1855 840 1939 Atqui
867 1857 899 1917 in
929 1857 1074 1924 omnibus
1093 1861 1158 1922 col·

138 1956 257 2039 loquiis
276 1959 364 2018 adeo
392 1956 467 2017 nihil
494 1955 611 2018 dietum
641 1966 689 2018 est
721 1957 871 2020 adversus
900 1958 1090 2034 Huttenum,
1122 1969 1160 2022 ut

139 2055 221 2119 illius
257 2079 368 2119 venam
397 2070 429 2119 et
461 2054 622 2138 ingenium
655 2056 818 2138 magnifice
851 2056 1043 2138 praedicarim
1076 2058 1160 2139 apud

141 2158 359 2222 Caracciolum
372 2168 403 2219 et
415 2141 607 2220 Aleamlrum
628 2155 841 2238 indignantem
861 2168 1042 2240 utrumque,
1062 2158 1160 2241 idque

140 2271 214 2340 post
240 2258 407 2320 concilium
442 2254 692 2331 wormatiense,
710 2247 712 2253 ’
728 2278 801 2318 cum
835 2276 886 2319 res
917 2242 1050 2320 Hutteni
1085 2256 1183 2328 satis

141 2369 231 2422 erant
251 2360 447 2420 exulcerata.
491 2356 658 2418 Postremo
677 2368 783 2420 utrum
802 2358 999 2440 est-propius
1019 2356 1162 2420 humani·

141 2460 215 2531 tati,
255 2458 430 2520 honorilice
464 2455 603 2517 scribere
634 2455 674 2516 de
700 2457 849 2532 inimicis,
887 2479 953 2539 quo
980 2458 1160 2540 mitigemus

140 2559 266 2622 illorum
294 2557 419 2633 odium,
448 2577 488 2617 an
511 2567 572 2617 tam
597 2554 770 2618 virulentos
791 2567 822 2617 et
849 2559 1012 2640 plusquam
1032 2558 1160 2627 hostiles

141 2659 261 2722 libellos
280 2659 437 2734 scribere,
459 2659 582 2741 qualem
604 2658 762 2718 Hnttenus
783 2656 905 2738 scripsit
923 2656 955 2717 in
976 2657 1108 2720 amicum
1128 2668 1161 2721 et

143 2760 385 2821 benevolentem
396 2769 427 2820 et
444 2756 670 2819 benemeritum
687 2767 719 2816 et
732 2756 813 2817 bene
827 2755 942 2817 mereri
959 2757 1161 2839 cupientem?

142 2859 292 2922 Nondum
302 2858 372 2920 finis
382 2857 563 2932 criminum,
582 2856 638 2918 sed
653 2855 685 2918 in
696 2856 827 2939 epistola
838 2857 877 2918 ad
890 2855 1062 2920 Laurinum
1074 2878 1160 2923 com·

142 2980 301 3034 memoro,
321 2959 555 3032 „rumoremhic
570 2956 668 3019 luisse
684 2977 823 3036 sparsum
833 3002 842 3032 ,
852 2958 1031 3020 Romanurn
1046 2959 1160 3022 Ponti·

142 3064 233 3123 ficem
253 3059 360 3122 nescio
382 3058 459 3141 quid
479 3058 571 3121 libelli
595 3056 756 3139 scripsisse
776 3055 807 3118 in
825 3062 902 3118 me.“
941 3055 979 3118 ld
997 3059 1157 3122 Hutteuus

143 3183 210 3224 uon
229 3172 357 3221 veretur
380 3159 524 3236 dejerare
552 3181 569 3220 a
590 3180 639 3220 me
659 3160 842 3232 confictum,
872 3177 937 3239 quo
956 3147 1164 3222 Lutheranos¹

143 3280 307 3344 gravarem
321 3258 448 3321 invidia.
487 3261 612 3338 Quaeso,
633 3258 773 3341 quidest
791 3267 853 3318 tam
868 3257 996 3338 perditae
1013 3259 1157 3352 levitatis,

145 3362 234 3445 quod
255 3359 313 3421 iste
334 3379 400 3419 non
426 3358 526 3420 statim
555 3358 705 3438 impingat
734 3356 858 3418 arnico?
900 3357 998 3438 Atqui
1016 3378 1088 3420 cum
1106 3359 1157 3421 bic
1209 3435 1213 3444 ¹

142 3464 248 3544 plures
264 3460 324 3522 sint
343 3457 402 3521 viri
419 3458 513 3535 boui,
534 3457 591 3541 qui
610 3458 721 3532 sciunt,
740 3477 900 3518 rumorem
919 3476 995 3518 vere
1015 3479 1157 3539 sparsum

141 3564 260 3637 luisse,
280 3582 351 3624 eum
371 3560 509 3621 habeam
520 3581 538 3621 a
551 3558 651 3620 doctis
666 3555 770 3618 amicis
788 3555 936 3636 epistolas
955 3577 997 3617 ex
1012 3561 1156 3639 Augusta

143 3677 175 3729 et
195 3662 394 3738 Constantia,
425 3660 539 3743 quibus
564 3660 625 3722 boc
643 3668 678 3718 ut
703 3677 770 3719 rem
795 3666 984 3736 compertam
996 3657 1168 3736 scribunt>

142 3768 228 3829 lrurrc
247 3766 436 3827 Pontilicem
461 3763 570 3824 llomaa
606 3761 704 3839 palam
731 3758 892 3818 ‹lamnasse
923 3756 1019 3820 libros
1044 3778 1155 3836 meos;

142 3884 278 3946 cirrisque
294 3863 336 3923 illi
350 3863 482 3924 habeant
497 3860 644 3942 epistolas
659 3879 741 3920 meas
758 3868 915 3930 testantes,
928 3876 978 3919 me
990 3857 1022 3918 id
1035 3879 1155 3943 nequa·

143 3986 237 4049 quam
258 3963 404 4037 credere,
426 3961 503 4043 quid
521 3969 680 4039 superest,
710 3957 770 4020 uisi
790 3969 824 4017 ut
844 3976 951 4018 omries
971 3956 1152 4040 intelligant,

142 4069 285 4127 Hutteuo
324 4081 393 4122 esse
432 4081 541 4140 parum
573 4059 696 4121 frontis.
753 4058 814 4120 Sed
843 4079 936 4119 ausus
967 4079 1036 4120 sum
1067 4062 1153 4124 hunc

142 4166 268 4226 laudare
294 4160 497 4234 Pontificem,
528 4161 582 4242 qui
609 4161 687 4220 male
714 4156 789 4218 milri
816 4157 975 4240 quondam
1004 4161 1153 4239 voluerit,

144 4267 263 4349 quique
284 4263 357 4323 nihil
378 4264 479 4322 ailhuc
497 4260 613 4342 egerit,
645 4259 730 4321 unde
759 4256 878 4319 laudari
894 4268 1061 4320 mereatur.
1099 4264 1152 4325 An
1196 4264 1199 4272 '

143 4386 253 4428 verum
280 4364 321 4426 sit
347 4363 435 4445 quod
460 4360 568 4423 scribit
593 4361 753 4421 Hutteuus
780 4356 899 4420 nescio.
947 4356 1044 4422 Certe
1076 4359 1152 4424 nihil
1208 4411 1211 4416 .
