2588 5048
339 802 343 809 ·
368 755 424 829 'ed
448 753 647 854 Spongiam
670 752 859 830 Ermrni.
1044 754 1116 828 625
1219 774 1220 777 ’

109 955 340 1011 excrementum
358 955 426 1010 erat
447 947 543 1030 liujus
561 947 672 1012 mnndi
699 958 732 1012 et
751 945 1120 1028 onmiumrojeotrmm·

107 1061 192 1125 turn,
229 1051 441 1129 spectaculum
468 1049 605 1113 inundo
635 1060 669 1113 et
697 1050 822 1132 angelis·
855 1061 886 1111 et
917 1047 1121 1112 horninibus?

110 1153 279 1229 Quorsum.¹
303 1139 531 1231 profugiebat,
549 1151 676 1232 qnando
709 1150 906 1214 uniebatur·
918 1148 951 1210 in
968 1146 1118 1230 perieulis

55 1272 59 1282 ⁴
106 1248 286 1324 fluminum,
300 1249 476 1323 latronum,
492 1251 603 1326 meris,
623 1250 739 1313 deserti
752 1262 786 1314 et
802 1251 953 1314 falsorum
965 1247 1120 1311 fratrum?

106 1349 140 1411 Si
157 1348 269 1411 nullibi
288 1360 337 1410 est
356 1348 488 1412 dicende
507 1349 639 1426 veritas,
671 1373 766 1433 quam
786 1373 828 1414 ex
846 1350 1016 1432 praesidiis,
1034 1369 1120 1411 ⁴nun·

105 1470 198 1533 qnam
218 1450 361 1530 expedit;
389 1450 464 1533 quie
492 1448 602 1515 nullibi
631 1461 680 1515 est
701 1461 803 1515 tutum
820 1450 1057 1527 ‹liccem-etiam
1071 1470 1119 1512 >cx

106 1551 266 1633 praesidiis.
312 1549 439 1632 Corpus
458 1551 640 1631 ponendum
657 1551 724 1627 est',
749 1553 776 1613 si
794 1551 837 1613 ita
855 1573 906 1615 ros
927 1549 1118 1631 poposcerit,
1204 1569 1206 1575 ·

105 1664 140 1714 nt
158 1674 225 1715 non
242 1653 345 1733 possis
365 1653 529 1734 aufugere.
553 1682 557 1689 ·
580 1655 795 1734 Quamquam,
827 1653 854 1714 si
885 1664 1120 1717 Tertullianum
1157 1716 1158 1719 ,

105 1755 287 1830 audiamus,
303 1775 370 1815 non
390 1752 577 1834 fugiendum
597 1763 644 1814 est
662 1751 755 1814 etiam
766 1776 778 1826 ς·
794 1765 826 1817 et
843 1752 962 1816 dictum
980 1754 1058 1817 Jesu
1077 1754 1119 1815 de

106 1856 167 1915 boc
186 1876 251 1916 non
273 1855 313 1918 ad
332 1876 390 1916 nos
409 1853 562 1933 pertinet,
583 1853 641 1916 scd
659 1852 698 1914 ad
716 1853 901 1932 Apostolos.
924 1853 1023 1924 ,Sed
1042 1874 1119 1914 con·

106 1953 265 2032 jecissem,
294 1955 419 2036 inquis,
444 1975 495 2017 mc
513 1953 547 2015 in
567 1954 691 2021 eculeos
712 1953 901 2016 crabronum
921 1966 952 2016 et
968 1954 1002 2015 in
1022 1952 1121 2015 mani·

105 2054 216 2116 sestam
235 2051 439 2134 perniciem·
479 2052 563 2133 Quid
584 2054 644 2117 hoe
663 2052 756 2115 erat?
772 2052 876 2116 Audis
892 2053 1119 2116 Tertullianum

108 2153 229 2227 dicere,
251 2163 407 2235 quemtu
424 2152 624 2234 magnifacio,
652 2162 688 2216 ut
712 2152 817 2217 omnin
836 2154 965 2216 Petrum
982 2154 1119 2230 decreta,

108 2251 286 2315 Christiano
305 2271 435 2332 prorsus
459 2252 648 2335 fugiendum
674 2273 741 2316 non
767 2274 855 2330 esse,
886 2265 917 2315 ct
938 2273 1119 2335 nonposse

106 2351 199 2415 ctiam
219 2353 389 2433 adsurgere,
411 2354 438 2415 si
449 2348 596 2432 martyrio
616 2354 787 2419 destinatus
807 2356 911 2423 aDeo
927 2360 977 2417 sit.
1015 2354 1118 2419 Audis

105 2446 237 2515 Paulum
249 2464 370 2535 optare,
388 2464 424 2515 ut
435 2455 526 2516 fieret
537 2456 695 2518 anathema
710 2454 931 2532 prefraudus
943 2478 961 2517 a
974 2455 1117 2530 Christor

104 2553 200 2614 Mose
237 2553 334 2615 deleri
361 2554 402 2617 de
431 2553 512 2616 tlara
537 2552 628 2627 vitne3
659 2565 691 2615 et
719 2555 795 2621 tanti
813 2557 908 2636 apud
934 2567 966 2616 tc
993 2568 1063 2630 est,
1088 2556 1118 2617 si

105 2653 271 2734 conjicies
283 2665 315 2717 te
346 2655 377 2715 in
397 2655 527 2716 aculeos
543 2655 742 2737 quorundam
761 2657 927 2718 stultorum
942 2656 1134 2730 hominum,

105 2775 186 2837 quos
206 2754 303 2837 magis
330 2756 417 2818 times
450 2768 547 2838 qnam
562 2755 733 2819 Dominum
752 2756 857 2819 Deum
875 2766 973 2819 tuum.
1013 2739 1135 2838 Quem*

103 2869 139 2920 te
156 2858 257 2940 ipsum
275 2856 374 2919 lacis?
391 2857 459 2920 Aut
476 2867 632 2938 perpetuo
652 2855 791 2918 victurus
811 2855 868 2918 es?

177 2960 374 3021 Erasmus.
411 2956 475 3020 Sed
495 2956 551 3019 nbi
568 2955 729 3019 fortunula
749 2951 817 3039 qun
838 2955 913 3019 mihi
931 2932 1087 3037 perisset?

180 3059 288 3122 Otto.
326 3059 410 3120 Num
436 3068 467 3122 et
500 3066 604 3119 tecum
628 3058 712 3120 leres
738 3057 905 3139 aliquando
924 3056 1117 3119 fortunulam

103 3158 183 3220 illam
195 3158 308 3218 tuam?
330 3158 502 3237 Quomodo
519 3168 644 3236 poteras
664 3157 774 3220 melius
793 3169 999 3232 commutare,
1020 3179 1117 3240 quani

36 3271 46 3276 ·’
102 3280 162 3371 pro
191 3259 249 3333 hac
278 3256 348 3319 vite
377 3267 497 3318 eterna
527 3257 633 3320 sortiri
651 3258 871 3334 hereditatem,
902 3269 934 3320 et
966 3261 1115 3340 centuplo

103 3359 302 3442 pinguiorem
321 3358 486 3440 recipere?

177 3463 376 3523 Erasmus
410 3459 505 3525 Haec,
520 3471 609 3536 atus,
635 3461 705 3522 hacc
734 3420 881 3523 valetudo
911 3479 977 3520 non
1000 3456 1116 3539 patitur

102 3583 152 3626 me
171 3560 278 3644 vagari
298 3571 331 3629 et
349 3579 464 3642 egere,
486 3581 552 3628 non
569 3560 687 3641 patitur
706 3562 824 3623 latitare
844 3571 876 3623 et
894 3561 1018 3638 lugere.

132 3710 135 3717 a
178 3663 284 3726 Otto.
322 3663 437 3744 Neque
463 3660 651 3729 multisnliis¹
674 3663 735 3727 hnc
753 3683 850 3738 snare
870 3671 932 3736 est,
963 3671 1116 3722 ettamen

102 3763 234 3824 lerenda
263 3764 329 3826 bec
361 3783 441 3827 crux
468 3773 535 3837 est,
570 3761 629 3829 ubi
663 3762 841 3842 contigerit.
890 3765 992 3840 Quam
1022 3762 1115 3824 multa

102 3862 221 3940 tragice
250 3873 283 3924 et
308 3862 498 3951 trunentibus
523 3861 631 3931 buccis
659 3863 737 3931 dieis
765 3874 796 3926 et
827 3860 939 3925 scribis
964 3861 996 3923 in
1027 3860 1117 3922 libris

103 3960 167 4023 tuis
186 3962 226 4023 de
246 3962 424 4038 tolerantie,
444 3964 485 4025 de
504 3962 710 4029 incommodis
728 3964 885 4040 serendis,
911 3963 952 4025 de
971 3962 1115 4045 longani-
1135 4007 1137 4013 ·

28 4148 32 4154 ¹
104 4063 209 4127 mitate
229 4073 262 4123 et
280 4063 347 4127 aliis
364 4062 556 4144 hujusmodi.
603 4065 669 4146 Qui
687 4086 766 4148 ergo
786 4065 864 4127 alios
883 4064 995 4137 doces,
1015 4075 1047 4125 te
1066 4063 1116 4145 ip⁴

101 4187 170 4228 snm
196 4184 262 4226 non
287 4163 406 4228 doces?
435 4163 592 4235 Dicemus-
610 4188 690 4249 ergo
719 4179 753 4229 et
780 4169 845 4230 boe
868 4164 940 4228 tibi:
972 4164 1114 4241 Medice,

101 4286 177 4328 cura
197 4264 366 4345 teipsum!
391 4265 559 4330 Antccrte
575 4268 709 4336 donabis
729 4269 821 4331 etiam
843 4265 934 4329 nobis
947 4264 1115 4331 ,infirmite-

101 4378 164 4431 tem
182 4369 279 4444 benc,
299 4367 356 4450 qni
374 4367 648 4446 interdum-dum
663 4369 817 4453 ingruerit
831 4366 965 4433 ,tentatio
983 4375 1116 4448 propter
