2618 5108
834 162 836 185 l

388 817 595 897 Praedones
624 818 828 921 *Dialogus
1041 830 1120 905 ιιι
1190 768 1193 773 ‹

85 1011 221 1075 men
239 1028 355 1088 voces,
384 1022 475 1076 eene
502 1010 677 1092 simplicius
704 1013 843 1079 vivimus
863 1028 958 1101 quom
977 1040 1054 1099 vos,
1086 1036 1121 1088 et

87 1104 278 1195 antiquius,
292 1113 392 1177 etism
410 1113 643 1192 continentius,
675 1127 707 1178 et
726 1129 806 1199 puto
826 1120 934 1182 sobrie
963 1125 1062 1206 magis
1083 1144 1120 1188 sc
1176 1185 1183 1198 ,

83 1209 245 1277 mitte.
284 1214 395 1297 Atque
413 1213 447 1277 in
467 1234 621 1295 agrorum
639 1220 743 1296 ιιιΙΙιι,
762 1229 795 1280 et
813 1220 938 1285 militari
957 1222 1121 1305 disciplina

84 1315 223 1391 meri,
250 1334 361 1379 omnes
380 1329 533 1399 preterea
551 1318 694 1382 lucrandi
711 1319 826 1384 modos
842 1321 1000 1403 fugimus,
1028 1336 1062 1388 et
1080 1326 1122 1391 sb

86 1410 159 1479 is't‘n
176 1414 292 1480 vestris
312 1418 463 1481 sordibus
481 1417 632 1485 obsumus
659 1421 852 1501 longissime.
904 1425 989 1488 'sum
1007 1425 1122 1489 libere·

91 1513 164 1579 flos
179 1528 289 1581 nostre
309 1535 376 1595 est,
395 1530 427 1582 et
446 1520 613 1602 pecuniam
634 1525 872 1587 contemnimus.
909 1525 990 1589 Nem
1006 1546 1064 1592 vos
1081 1529 1121 1592 ed

91 1634 165 1683 ren
182 1619 261 1682 estis
280 1619 461 1699 avidiores,
494 1623 587 1684 nobis
604 1634 755 1703 preterea
774 1623 877 1706 mojor
900 1625 1034 1690 infamiae
1055 1648 1121 1693 me-

89 1729 165 1796 tus,
184 1720 296 1801 flagitii
316 1722 412 1806 lngo,
433 1724 602 1786 dedecoris
622 1725 738 1805 pudor.
783 1727 863 1789 Num
881 1746 938 1790 vos
956 1737 993 1791 ut
1011 1731 1121 1813 locup-

84 1822 253 1899 letemini,
273 1844 333 1904 per
352 1824 457 1889 omnia
475 1825 527 1889 itis
545 1828 742 1909 plerumque.
781 1829 840 1889 Est
853 1826 1006 1892 hicetiem
1019 1831 1122 1912 probe

87 1924 236 2008 ιιιιιάιιιι
265 1922 464 2009 ingenuitas,
499 1946 570 1990 cum
589 1948 650 1992 vos
670 1927 711 1991 de
730 1926 844 1990 iroude
871 1938 905 1990 et
933 1930 1011 1992 dolo
1038 1932 1122 1996 intel·

84 2042 152 2086 vos
181 2022 271 2105 ipsos
290 2025 383 2088 etism
411 2027 551 2108 suspecti
578 2047 703 2110 semper
731 2026 809 2092 sitis.
862 2025 1122 2096 Consentaneum

91 2144 175 2190 vero
195 2125 333 2189 maxime
353 2138 419 2204 est,
438 2127 587 2191 meliores
608 2148 679 2191 esse
698 2140 825 2191 ortum
843 2125 877 2192 in
891 2128 977 2191 bono
989 2142 1121 2211 genere,

88 2250 188 2316 quem
208 2227 354 2312 ignobili.
392 2229 466 2310 Age
482 2239 605 2304 sutem,
625 2249 696 2290 non
712 2229 950 2310 pulcherrimam
969 2230 1123 2295 virtutum

89 2329 245 2406 mium,
273 2340 509 2396 Fortitudinem
527 2340 709 2412 prestamus
720 2328 832 2394 nos?
822 2329 973 2410 pistillum
988 2331 1123 2397 annuet

85 2427 302 2496 'nicentium
320 2432 475 2496 tuemur?

495 2587 719 2653 Mercator.
963 2660 966 2667 ¹
1075 2646 1122 2686 ar,

167 2689 315 2776 Cogeres
335 2711 386 2755 me
415 2689 522 2753 odisse
543 2688 688 2752 ordinem
707 2692 810 2766 hunc,
840 2701 1024 2775 equestrem
1044 2710 1122 2757 vero
1174 2692 1180 2705 “

89 2793 187 2860 vitem
206 2794 337 2857 summis
359 2795 474 2856 efferre
504 2790 670 2867 laudibus,
702 2788 730 2854 si
759 2802 792 2852 et
810 2812 870 2854 vos
903 2813 943 2855 ex
976 2791 1121 2855 irntitnto

90 2886 264 2971 v'ireietis,
284 2904 316 2957 et
331 2915 392 2958 nos
412 2915 483 2977 qne
502 2891 536 2954 in
556 2891 746 2975 quibusdem
764 2891 956 2972 reprehendi
973 2903 1122 2972 possunt,
1179 2899 1180 2903 ’

88 3002 202 3081 omnes
234 2994 425 3059 luceremus.
486 2993 582 3055 Nunc
609 2993 704 3068 libet,
736 3002 771 3054 ut
796 3001 831 3053 tu
867 3002 939 3054 onte
971 2991 1122 3070 faciebas,

86 3076 253 3185 pdttittsre
273 3096 328 3162 tdrs
355 3108 405 3172 te,
436 3114 476 3157 ne
510 3094 713 3206 quorundam
739 3090 836 3169 vitio,
871 3092 906 3156 in
938 3113 1049 3157 omnes
1076 3093 1124 3157 sie

86 3196 312 3274 illudendas,
337 3216 403 3280 ‹pro
425 3216 466 3258 ne
486 3196 559 3271 dot,
589 3202 625 3255 ut
643 3190 738 3255 invisi
757 3213 867 3258 omnes
887 3195 1005 3271 simus,
1025 3206 1123 3276 prop·

86 3298 143 3367 tei
157 3320 297 3386 puucos,
319 3318 375 3384 qur
365 3295 528 3373 iaciunt,
553 3305 589 3357 ut
607 3315 718 3358 omnes
737 3293 827 3379 digni
845 3295 927 3360 malo
947 3295 1123 3389 videamur.

475 3451 736 3518 Franciscus.
827 3503 828 3507 ,

165 3563 254 3629 Ante
273 3560 335 3624 lroc
354 3557 426 3642 egi,
461 3567 498 3619 ut
516 3553 698 3636 exciperem
719 3551 841 3628 bonos,
872 3571 955 3637 qnos
975 3547 1009 3613 in
1029 3547 1123 3612 vobis

90 3686 163 3733 we
182 3683 249 3726 non
269 3659 399 3739 negavi,
432 3678 505 3720 cum
530 3654 619 3718 tuin
640 3673 750 3717 omnes
778 3653 869 3717 simul
890 3651 1016 3734 equites
1044 3650 1124 3715 citra

92 3764 264 3830 discrimen
279 3758 486 3823 invehereris.
525 3758 648 3818 Tamen
665 3753 760 3831 scias,
781 3754 871 3838 quod
886 3754 1045 3836 reliquum
1064 3763 1123 3829 est,

92 3887 171 3931 vere
183 3867 247 3928 hoc
260 3860 447 3940 (undeunde
459 3868 620 3939 sumptum
640 3865 688 3919 est
698 3854 721 3932 ,l
740 3854 821 3931 dici,
842 3863 961 3937 quanto
977 3853 1123 3937 quidque

91 3964 235 4033 divinius
256 3962 314 4038 sit,
335 3971 422 4023 tanto
442 3958 483 4020 ab
502 3956 636 4022 urbibus
656 3954 784 4037 longius
804 3953 925 4017 abesse.
965 3955 1064 4035 Quod
1085 3951 1125 4014 ed

91 4066 308 4150 npinstiones
329 4083 408 4125 vero
428 4061 501 4123 istas
519 4059 678 4140 pertinet,
708 4077 775 4118 non
794 4054 914 4129 video,
943 4052 1022 4137 qnid
1041 4075 1123 4133 saepe

96 4167 281 4250 continget,
304 4161 602 4240 curhaecsirvutgo
622 4157 663 4219 de
682 4155 775 4218 nobis
788 4155 946 4236 suspicio,
967 4154 1123 4238 siqnidem

92 4280 166 4347 est,
185 4278 222 4332 ut
239 4266 339 4342 dicis,
357 4263 418 4327 nisi
441 4261 547 4346 quod,
575 4259 651 4321 dum
669 4257 750 4320 belle
770 4255 929 4339 gerimus,
950 4254 1069 4338 aliquid
1087 4255 1123 4315 lit

93 4389 327 4454 nonnunquam
352 4363 478 4429 licentia
506 4361 566 4425 ists
586 4356 728 4432 militari,
755 4357 846 4440 quod
866 4356 999 4420 odibiles
1019 4352 1122 4416 saciet.

95 4470 162 4537 ssd
179 4490 220 4538 ιι
237 4484 344 4555 neque
365 4487 384 4530 ι
402 4462 513 4550 nohis,
541 4480 649 4545 neque
675 4457 717 4521 ab
748 4457 819 4522 ullis
839 4457 906 4522 eliis
924 4458 1051 4521 frenari
1070 4451 1124 4516 ab·
