2618 5108
190 830 262 910 8²1⁶
349 831 425 949 Uir.
453 832 499 906 ab
525 831 665 905 Hutten
692 855 777 906 curn
802 830 958 909 Erasmo
986 769 1070 910 hot.

188 1043 300 1109 ‘nomae
318 1046 451 1089 munera
471 1037 619 1102 movent,
652 1047 761 1110 neque
785 1029 925 1093 honores
954 1038 1098 1101 mutant,
1116 1046 1227 1111 neque

190 1128 331 1210 pericula
358 1139 493 1202 terrent;
532 1127 648 1211 quibus
680 1129 810 1211 equitas
835 1129 972 1205 colitur,
1005 1129 1084 1191 iides
1115 1148 1226 1190 serva-

190 1241 261 1307 tur,
282 1229 397 1312 religio
419 1251 501 1291 cure
522 1241 585 1304 est,
608 1228 724 1290 veritas
745 1250 810 1290 non
830 1228 1000 1292 deseritur.
1042 1231 1122 1291 Nam
1144 1230 1225 1312 quid

191 1333 233 1397 ad
253 1353 324 1406 me,
346 1330 435 1413 quod
455 1339 490 1391 tu
510 1328 614 1392 multis
636 1330 718 1390 adeo
739 1330 921 1391 nominibus
944 1333 1095 1392 Ronraure
1117 1329 1226 1392 Curiae

191 1452 226 1497 es
263 1428 536 1513 obligatissimos?
581 1431 661 1491 'l'am
692 1441 874 1492 constanter
908 1430 989 1492 illam
1028 1430 1226 1512 oppugnabo

185 1533 406 1613 tyrannidem,
433 1531 593 1611 publicum
616 1532 659 1591 ob
680 1532 899 1606 commodum,
917 1553 1024 1613 ¹qnam
1043 1541 1077 1592 tu
1098 1532 1141 1591 ob
1161 1533 1227 1613 pri-

189 1644 299 1696 valum
328 1631 531 1711 pertinaciter
560 1630 725 1694 defendes.
777 1631 839 1694 Ubi
868 1632 991 1694 facilior
1021 1631 1095 1693 mihi
1124 1633 1224 1708 labor,

190 1734 384 1800 conscientia
406 1733 551 1808 liberior,
573 1753 642 1816 quse
665 1731 770 1794 omnia
795 1752 870 1794 vera
890 1734 1024 1794 dicenda
1046 1744 1133 1806 sunt,
1156 1755 1226 1795 om-

88 1846 91 1851 '
193 1836 244 1900 nia
263 1840 357 1916 plana
379 1847 411 1894 et
431 1847 535 1895 rectas
568 1845 620 1893 tua
640 1831 735 1912 pejor
754 1831 915 1906 conditio,
946 1833 998 1893 cui
1027 1835 1226 1915 lingendum,

190 1932 438 2012 inveniendum,
467 1933 785 2009 comminiscendum,
814 1933 1049 2009 mentiendum,
1075 1934 1228 1997 fraudan-

181 2038 278 2101 dum.
340 2038 437 2119 Quod
479 2057 552 2097 cum
585 2034 714 2112 incipis,
744 2056 810 2094 non
837 2056 962 2114 semper
997 2036 1226 2114 proferendam

188 2140 354 2202 veritatem
365 2138 454 2212 dicis,
472 2149 504 2198 et
516 2137 622 2216 magni
634 2134 772 2209 referre,
791 2135 956 2218 quomodo
974 2157 1010 2196 ea
1031 2137 1226 2216 proseratur.

184 2242 294 2321 Quam
314 2250 400 2299 tuam
420 2238 603 2317 sacrilegam
624 2256 736 2296 vocem
764 2236 796 2297 in
825 2234 969 2315 jugulum
991 2238 1103 2320 recogi
1125 2259 1226 2317 opor·

186 2339 250 2402 tuit
269 2338 345 2418 (jam
365 2340 449 2401 enim
479 2336 707 2398 stomachosius
738 2336 799 2397 hoc
825 2358 876 2399 me
896 2338 1006 2420 eloqui
1027 2358 1078 2400 res
1099 2339 1222 2420 cogit;)

188 2438 216 2502 si
238 2440 375 2501 officium
396 2438 502 2501 debite
528 2438 688 2511 facerent,
720 2439 776 2519 qui
798 2439 960 2501 hrcreticos
981 2440 1031 2499 vel
1052 2440 1090 2500 ad
1112 2459 1224 2501 recan-

181 2541 339 2603 tationem
361 2541 493 2623 adigunt
513 2561 613 2615 nunc,
648 2542 697 2601 vel
726 2538 756 2599 in
779 2540 884 2619 ignem
905 2539 1091 2620 conjiciunt.
1133 2540 1224 2620 Quid
1278 2560 1288 2571 ·

187 2644 272 2709 enim
291 2643 423 2723 impium
445 2643 542 2725 magis
563 2653 594 2702 et
622 2652 731 2702 contra
755 2640 873 2702 Christi
901 2641 1096 2715 doctrinam,
1126 2662 1224 2722 quam

182 2756 254 2809 'non
275 2766 401 2828 semper
422 2744 587 2807 veritatem
607 2742 831 2824 proferendam
852 2763 922 2804 esse
936 2743 1059 2817 dicere,
1084 2763 1225 2825 proque

182 2846 238 2911 ilie
266 2869 326 2910 nos
353 2847 436 2910 mori
462 2867 593 2929 quoque
620 2842 743 2905 voluil?
776 2842 901 2904 Deinde
933 2864 999 2925 quo
1028 2844 1223 2926 insigniores

178 2970 246 3013 ⁴nos
266 2950 305 3011 ad
327 2947 475 3010 invidiam
491 2946 603 3019 facias,
625 2946 775 3006 tumultus
796 2965 928 3027 quoque
951 2942 1080 3025 objicis,
1105 2956 1136 3006 et
1157 2946 1225 3006 dis-

187 3049 282 3124 sidia,
303 3059 335 3111 et
355 3068 424 3129 qua·
446 3047 493 3109 rei
514 3047 612 3128 ipsius
630 3057 741 3106 natura
760 3056 824 3119 est,
845 3057 955 3105 noslro
970 3045 1103 3126 imputas
1117 3046 1224 3109 vitio?
1250 3119 1258 3132 ι

187 3151 241 3213 An
260 3170 326 3210 non
348 3148 492 3225 predixit
506 3146 667 3220 Christus,
687 3147 777 3220 i'ore,
801 3157 835 3207 ul
856 3146 929 3207 odia
944 3157 975 3206 et
992 3147 1222 3223 dissensiones,

176 3248 269 3312 bella
287 3259 320 3310 et
338 3250 439 3310 credes
459 3257 590 3328 propter
610 3270 644 3309 se
658 3268 816 3330 suumque
830 3266 1010 3309 sermonem
1024 3248 1225 3310 habeantur?

185 3352 254 3416 Nisi
281 3352 380 3435 igitur
399 3348 609 3429 Evangelium
639 3348 725 3410 ferre
750 3371 816 3409 non
844 3361 975 3429 possent
997 3348 1135 3410 Romani
1156 3350 1222 3427 isti,

183 3455 329 3516 Lnthero
359 3474 425 3515 non
453 3450 682 3522 irascerentur;
714 3471 820 3531 neque
848 3451 925 3511 alios
955 3452 1133 3512 offenderet
1154 3451 1221 3529 ille,

186 3557 214 3618 si
234 3556 309 3617 citra
331 3574 443 3617 corum
464 3551 700 3615 incommodum
725 3550 790 3611 vivi
811 3550 989 3614 Christiane
1016 3553 1223 3617 inolesceret.

185 3659 239 3719 Tu
260 3677 338 3717 vero
362 3655 497 3717 ostende
518 3653 610 3714 nobis
631 3653 729 3728 viam,
768 3674 831 3734 qua
851 3664 882 3713 et
909 3653 1024 3715 veritas
1053 3651 1103 3735 jus
1124 3679 1222 3720 suum

186 3757 345 3832 obtineat,
378 3767 410 3818 et
440 3753 495 3839 qui
522 3776 607 3816 nunc
626 3755 705 3815 bella
724 3765 874 3830 movent,
908 3755 1117 3834 placidissime
1140 3776 1221 3821 con·

186 3859 363 3944 quiescant.
384 3857 466 3918 Sane
483 3856 667 3936 hujusmodi
683 3857 816 3919 consilio
830 3877 1000 3918 occurrere
1014 3858 1060 3921 his
1075 3869 1106 3919 le
1120 3859 1220 3922 rebus

86 4004 90 4010 -
182 3959 307 4036 decuit,
343 3979 414 4020 cum
435 3958 585 4035 jactares,
614 3980 679 4019 non
702 3959 887 4020 dcluturum
908 3959 1091 4040 reipublicae
1123 3959 1221 4023 Chri·

181 4061 305 4137 stianae,
332 4072 364 4123 et
383 4081 483 4123 unum
505 4081 600 4140 posse
625 4070 655 4121 tc
684 4061 737 4121 has
764 4080 874 4121 sanare
905 4060 1089 4124 discordias.
1135 4064 1217 4126 Nam

181 4182 256 4224 cum
280 4162 413 4234 scribis,
433 4171 522 4222 luum
547 4182 612 4221 non
631 4181 720 4236 esse,
744 4163 784 4223 de
811 4163 892 4225 solio
916 4163 985 4225 illos
1007 4164 1215 4244 praecipitare,

187 4264 262 4327 nihil
290 4265 426 4326 adrem.
474 4265 547 4323 Non
577 4265 637 4322 hoc
660 4263 714 4323 abs
741 4274 772 4325 te
801 4263 967 4346 quaerilur,
993 4267 1050 4327 sed
1078 4280 1111 4328 ul
1141 4291 1217 4349 pto·

186 4368 335 4450 pagandae
367 4385 460 4448 quam
489 4365 636 4425 latissime
666 4363 783 4427 Christi
811 4365 960 4427 doctrinae
988 4370 1044 4430 des
1074 4389 1216 4449 operam.

188 4468 294 4541 Vivit,
326 4465 450 4549 inquis,
478 4465 643 4541 Christus,
668 4477 701 4528 et
732 4467 827 4530 habet
854 4466 887 4536 in
916 4489 1011 4531 manu
1042 4472 1211 4553 flagellum,
