2618 5108
211 828 285 904 nr
510 824 711 903 Pmdone·
759 820 946 923 onogia.

590 1012 846 1077 Fraueirenr.

287 1112 390 1196 Igitur
406 1111 567 1190 ejiciamur
584 1132 736 1194 perverto
752 1113 919 1195 religiosor
935 1109 1025 1184 istor,
1037 1118 1074 1171 ιιι
1086 1106 1230 1171 iomar

211 1231 295 1275 verae
319 1213 443 1294 pietati,
470 1225 503 1277 et
525 1215 637 1276 modus
655 1215 709 1275 fiat
727 1215 866 1294 pessimae
884 1211 1010 1274 tandem
1026 1207 1229 1289 rapinatioui.

211 1311 299 1374 Pieri
324 1313 408 1375 enim
427 1334 492 1375 non
510 1322 630 1393 potest,
652 1328 804 1395 quantum
821 1313 981 1393 intelligo,
1008 1309 1095 1373 utin
1114 1307 1228 1371 meiius

208 1411 391 1474 restituatur
409 1413 593 1489 Germania,
613 1412 673 1475 nisi
690 1415 730 1474 ad
748 1433 897 1475 summam
912 1408 1097 1491 paucitatem
1116 1410 1229 1470 redae»

209 1510 249 1576 tir
275 1513 510 1590 sacerdotibus,
540 1512 697 1576 monachis
725 1533 804 1574 vero
834 1512 959 1592 penitus
988 1511 1097 1583 etiam,
1127 1520 1163 1570 ut
1190 1519 1228 1572 tu

207 1613 340 1687 suadeo,
361 1611 494 1675 abolitio.
534 1612 571 1674 ld
590 1613 679 1696 quod
697 1633 762 1673 non
781 1610 921 1674 desinam
938 1609 1049 1670 sedulo
1068 1609 1229 1671 incuicare

208 1730 282 1775 meo
304 1709 441 1787 Caroio,
474 1732 540 1794 qno
560 1734 602 1775 ne
620 1713 753 1793 patiatur
782 1721 829 1773 tot
859 1711 910 1773 liic
936 1709 1055 1772 otiosos
1081 1707 1228 1772 homines

210 1815 337 1875 annona
355 1830 489 1893 gravam
509 1811 719 1875 Germaniam.

614 1926 829 1987 Huttenur.

295 2020 333 2085 In
346 2044 409 2106 quo
424 2022 606 2103 imitandum
621 2022 651 2084 ei
666 2043 812 2104 propone
827 2022 1040 2087 Alexandrum
1058 2021 1225 2101 Severum,

204 2139 355 2203 magnum
375 2123 487 2204 utique
501 2123 740 2203 Imperatorem,
761 2123 816 2205 qui
828 2123 926 2198 dixit,
945 2125 1057 2184 malum
1072 2123 1226 2204 pupilium

205 2240 278 2284 esre
293 2222 536 2303 imperatorem,
554 2221 611 2304 qui
626 2242 667 2282 ex
679 2221 852 2285 visceribus
869 2219 1107 2303 provincialium
1122 2224 1225 2289 homi·
1264 2220 1269 2231 '

148 2380 151 2385 .
205 2338 264 2384 uer
282 2340 350 2383 non
367 2318 578 2396 necessarios,
604 2342 710 2403 neque
728 2321 907 2404 reipublicae
925 2321 1016 2383 utiles
1035 2341 1186 2402 pasceret.

594 2435 845 2498 Franeircur.

279 2532 388 2596 Placet
416 2535 612 2617 exemplum,
650 2536 703 2596 vel
745 2531 815 2614 ejus
848 2555 867 2596 a
903 2556 969 2619 quo
1012 2536 1224 2619 proficiscitur

200 2628 313 2716 gratia.

597 2749 814 2812 Huttenus.

275 2846 379 2931 Igitur
396 2847 481 2912 aliud
499 2846 643 2930 ejusdem
661 2849 776 2929 pariter
795 2846 839 2910 iiii
858 2846 987 2914 innuen.

588 2963 844 3029 Francircua.

273 3061 372 3144 Quod
390 3061 494 3125 iilud?

604 3178 815 3239 Huttenur.

271 3273 440 3357 Nunquam
456 3274 489 3335 in
501 3276 622 3357 templis
638 3296 746 3356 passus
766 3287 813 3336 est
831 3275 986 3353 Severus,
1006 3288 1120 3359 preter
1139 3301 1217 3362 qua·

194 3382 270 3436 tuor
289 3384 342 3436 aut
361 3374 506 3457 quinque
524 3375 648 3455 argenti
664 3374 774 3452 libres,
795 3375 864 3439 auri
882 3397 923 3440 ne
941 3390 1061 3461 guttam
1072 3378 1215 3464 quidem,

193 3483 249 3537 tut
265 3462 456 3537 hanoniam
473 3473 591 3557 posuit.

576 3589 834 3656 Franciseur.

270 3690 301 3752 Ο
318 3689 492 3770 sapientem
515 3686 706 3770 Principem,
727 3689 782 3772 qui
802 3689 834 3751 in
854 3690 919 3752 hnc
937 3701 1080 3772 tempora
1097 3691 1125 3758 ai
1140 3688 1217 3757 inci·

191 3785 307 3863 noret,
327 3788 417 3871 'quid
436 3799 526 3869 puter
551 3798 721 3864 statueret,
753 3809 824 3851 cnm
853 3811 966 3866 aurea,
1000 3803 1032 3853 et
1065 3803 1216 3874 argentea

191 3883 275 3948 circa
295 3905 330 3948 ne
350 3885 454 3948 omnia
468 3887 583 3950 habero
597 3889 776 3951 sacerdotes
789 3887 931 3967 uideret,
952 3911 1090 3974 gemmas
1104 3891 1213 3970 etiarn,

189 3987 223 4047 οὶ
240 3983 347 4067 siquid
366 3986 496 4066 gemmis
516 3987 684 4066 pretiosius
705 4001 773 4067 est,
793 3991 967 4070 deposcere
987 3990 1047 4053 ribi
1067 4012 1104 4053 ac
1124 3992 1214 4056 nefor

188 4104 260 4148 erre
290 4103 422 4166 putare,
455 4084 550 4150 fictile
577 4085 739 4174 quidpiam
766 4090 806 4154 ab
847 4111 882 4156 re
914 4091 1125 4172 contrectari,
1158 4103 1214 4160 aut

93 4251 99 4259 ,
187 4182 355 4267 ligneum?

593 4303 805 4368 Hnttenur.

266 4396 353 4480 Quid
380 4397 465 4463 aliud
492 4399 591 4480 enim,
635 4424 730 4486 quarn
758 4405 847 4489 quod
877 4406 1214 4475 tinnimentum
