2618 5108
132 784 135 793 Ι
192 813 270 886 ’360
335 808 437 883 uu.
464 808 511 881 ab
536 806 678 881 Hutten
703 831 788 881 curn
810 809 965 884 Erasmo
991 809 1076 882 Rot.

197 1002 283 1067 enim
301 1000 473 1078 credimus,
513 1021 579 1084 quo
604 999 675 1083 quis
691 1000 863 1081 plurimum
883 1001 1064 1064 sollicitatus
1089 1011 1154 1078 est,
1182 1021 1224 1067 eo

196 1103 324 1166 tandem
343 1100 535 1164 consentire.
580 1103 621 1162 Et
642 1103 828 1184 plerumque
847 1100 967 1162 crimen
986 1101 1148 1163 sollicitius
1168 1101 1226 1185 qui

197 1213 370 1278 excusant,
390 1200 529 1263 criminis
540 1201 753 1283 suspicionem
765 1204 963 1264 contrahunt.
986 1204 1063 1281 Qnae
1074 1214 1105 1263 ct
1119 1201 1225 1263 sinon

195 1300 289 1384 parvi
307 1301 459 1365 momenti
479 1321 550 1364 esse
563 1301 714 1376 debeant,
736 1301 794 1363 alia
812 1313 916 1364 tamen
929 1301 1047 1363 obstitit
1061 1301 1223 1384 cogitatio,

195 1402 287 1487 quod
305 1422 372 1464 non
391 1401 571 1485 capiebam,
591 1402 858 1485 quemadmodum
877 1414 929 1476 tu,
951 1414 984 1463 ct
1003 1402 1075 1465 satis
1094 1400 1157 1481 jam
1170 1404 1225 1467 ba·

190 1501 296 1578 bens,
326 1513 358 1564 et
383 1502 417 1564 id
439 1502 553 1579 aetatis,
582 1514 617 1564 ut
637 1502 832 1564 infuturum
853 1502 1047 1582 paucissimis
1068 1502 1222 1585 indigeas,

198 1603 315 1668 adduci
336 1603 509 1684 potiusses,
540 1615 575 1666 ut
594 1592 757 1685 flagitiosae
777 1601 935 1685 largitioni
955 1605 1224 1682 corrumpendum

192 1716 229 1769 te
250 1705 418 1786 praeberes.
457 1705 601 1768 Tandem
620 1725 662 1765 ex
681 1704 785 1766 multis
798 1725 895 1766 uuum
909 1702 1044 1764 conflavi
1057 1705 1222 1766 decretum

194 1805 289 1882 mibi,
320 1816 356 1868 ut
376 1804 532 1869 obstinate
552 1805 700 1880 seutiam,
733 1806 791 1866 hac
811 1804 861 1865 via
882 1805 1058 1887 ingressum
1088 1817 1118 1865 tc
1138 1805 1222 1868 illuc.

194 1905 338 1970 Primum
357 1926 416 1987 per
435 1905 517 1968 illam
536 1905 629 1967 animi
649 1903 850 1984 parvitatem,
878 1926 940 1986 qua
957 1904 1061 1967 omnia
1077 1905 1223 1969 facillime

193 2006 285 2071 times
312 2027 349 2068 ac
375 2008 539 2088 desperas,
571 2007 652 2069 adeo
679 2005 810 2067 diffisum
838 2004 886 2067 rei
909 2004 1003 2085 hujus
1023 2007 1220 2088 progressui,

177 2104 368 2188 'presertim
389 2128 528 2170 summos
548 2107 581 2168 in
602 2106 769 2168 Germania
787 2104 968 2185 Principes,
1000 2105 1223 2189 frequentissi-

192 2216 263 2275 tuo's
295 2229 367 2270 cum
393 2208 505 2270 videas
535 2208 703 2270 adversum
732 2226 791 2267 nos
819 2204 1032 2286 conspirasse,
1062 2217 1097 2266 ut
1118 2208 1221 2271 statim

171 2298 370 2389 putaveris,
393 2304 449 2368 tibi
467 2327 533 2368 non
553 2294 672 2369 lanium
686 2328 745 2370 nos
761 2307 974 2381 deserendos,
993 2311 1105 2368 verum
1128 2307 1224 2373 etiam

190 2407 318 2471 illorum
334 2405 465 2488 gratiam
479 2406 581 2469 modis
601 2407 747 2470 omnibus
765 2428 833 2469 esse
849 2406 1054 2468 ambiendam.
1093 2408 1222 2473 Deinde

192 2527 265 2569 cum
290 2505 472 2589 gratissimis
503 2506 547 2569 illi
565 2505 674 2568 animis
694 2507 733 2568 ad
752 2527 821 2569 sese
840 2508 1038 2586 acciperent,
1070 2507 1165 2570 etiam
1183 2520 1222 2572 ut

192 2604 369 2669 officiosum
389 2607 624 2682 collaudarent,
643 2627 681 2669 ac
701 2608 797 2670 fidem
815 2628 885 2670 esse
905 2609 1064 2684 dicerent,
1086 2609 1221 2689 coepisse

190 2706 332 2771 arridere
348 2706 514 2792 negotium
528 2706 604 2780 tibi,
624 2728 691 2770 non
710 2729 821 2771 ausum
842 2719 943 2770 tamen
963 2709 1126 2771 confidere
1147 2709 1220 2786 illis,

189 2806 253 2871 nisi
283 2809 389 2891 aliquo
419 2808 508 2890 prius
542 2809 647 2871 officio
683 2819 715 2870 te
738 2810 1006 2883 commendasses·;
1046 2831 1109 2893 qua
1141 2810 1222 2874 inita

188 2907 314 2973 ratione
341 2909 495 2991 optimum
520 2908 608 2972 factu
637 2919 782 2990 putasse,
815 2908 889 2992 quia
909 2919 1073 2987 tantopere
1095 2931 1220 2991 quaere·

188 3019 261 3072 rent
275 3006 318 3070 illi
332 3008 484 3072 idoneum
500 3009 695 3092 quempiam,
717 3009 750 3071 in
762 3010 964 3072 Lutherauos
978 3009 1035 3092 qui
1053 3011 1219 3088 scriberet,

187 3109 358 3192 ipsumque
377 3122 409 3172 te
428 3111 484 3173 diu
507 3109 571 3192 jam
589 3132 630 3173 eo
651 3108 837 3185 invitarent,
857 3130 926 3172 eam
944 3108 1003 3171 tibi
1020 3109 1221 3191 provinciam

187 3208 366 3275 desumere.
405 3210 457 3272 Sic
477 3210 596 3272 victum
614 3209 729 3285 luisse,
762 3222 795 3272 et
813 3221 900 3272 metu
924 3230 1041 3295 poenae,
1074 3209 1102 3273 si
1122 3231 1220 3291 supe·

187 3328 259 3374 rare
279 3310 348 3372 illos
369 3309 586 3392 contingeret,
624 3322 658 3372 et
677 3330 733 3391 spe
754 3309 877 3393 gratiae,
916 3310 944 3372 si
963 3321 1035 3372 ante
1056 3310 1220 3375 infelicem

187 3410 237 3477 rei
255 3409 378 3473 exitum
394 3410 429 3471 in
448 3409 643 3473 deditionem
656 3409 809 3473 venisses.
849 3412 929 3474 Nam
942 3411 1032 3494 quod
1047 3411 1092 3472 sic
1106 3412 1219 3475 alacri-

187 3522 238 3577 ter
256 3510 359 3590 primo
379 3509 483 3574 statim
502 3511 717 3585 tumultuaris,
739 3509 809 3591 ejus
825 3512 906 3573 hanc
919 3509 1059 3592 conjicio
1076 3532 1217 3591 causam,

188 3613 279 3698 quod
296 3611 334 3675 iis
354 3622 386 3673 te
404 3609 496 3673 minis
517 3629 626 3692 speres
644 3609 852 3673 infracturum
867 3622 994 3675 nostros
1014 3609 1161 3690 spiritus,
1182 3622 1219 3676 et

187 3714 228 3777 ad
247 3711 443 3775 deditionem
473 3713 710 3793 compulsurum
737 3710 836 3793 ipsos.
886 3711 984 3793 Quod
1011 3711 1038 3773 si
1055 3711 1215 3793 perficias,

186 3822 254 3874 tum
272 3824 304 3874 te
323 3834 390 3874 non
409 3832 557 3875 securum
576 3812 673 3874 modo
699 3809 732 3872 in
751 3821 935 3892 posterum,
966 3810 1023 3872 sed
1051 3811 1217 3893 ingentem

186 3932 320 3995 quoque
344 3911 503 3986 futurum,
525 3930 562 3971 ac
580 3909 746 3991 singularis
766 3908 932 3989 cujusdam
952 3908 1060 3992 gloriar
1081 3931 1216 3991 compo,

186 4020 260 4073 tem.
298 4010 332 4070 Si
351 4012 413 4072 ulla
433 4010 497 4071 hcc
516 4010 665 4091 prolecto
691 4021 747 4071 tua
766 4010 846 4071 ratio
867 4020 932 4085 est,
961 4020 993 4071 et
1011 4008 1039 4072 si
1058 4022 1124 4086 est,
1144 4022 1216 4076 tum

183 4111 389 4173 vehementer
407 4105 506 4188 jubeo
526 4108 693 4172 sollicitum
714 4131 784 4172 esse
810 4121 858 4185 te,
879 4130 919 4170 ne
939 4109 1025 4171 fallat
1045 4132 1092 4173 ea.
1131 4113 1214 4177 uam

184 4209 320 4274 sialiter
340 4208 486 4283 cesserit,
510 4229 576 4271 non
595 4230 728 4290 possum
747 4208 808 4272 nisi
828 4209 1001 4272 infaustum
1019 4209 1156 4293 aliquid,
1178 4223 1213 4275 et

183 4309 333 4374 miserum
363 4306 522 4388 augurari.
571 4311 670 4392 Quod
696 4309 807 4372 videre
831 4307 894 4390 jam
919 4321 991 4370 aute
1011 4320 1042 4370 te
1071 4322 1211 4391 oportet.

183 4408 223 4471 ln
242 4428 280 4470 ea
299 4428 334 4472 es
353 4417 460 4483 etate,
495 4429 565 4493 quae
586 4430 694 4494 neque
714 4411 810 4473 dere
833 4409 867 4472 in
892 4408 1037 4473 futurum
1063 4409 1209 4476 familiari
