2588 5048
780 464 817 486 1⁴¹‚.¹

768 496 773 505 ι

174 787 179 804 “
270 774 445 847 adversus
468 769 893 891 adsperginesflutteni.
1025 769 1096 850 46⁹

81 968 203 1043 placet,
231 965 450 1047 impetraretur
476 964 517 1026 ab
546 965 710 1042 Hutteuo,
749 985 791 1028 ne
823 963 976 1046 prodiret.
1023 963 1096 1046 Ego

81 1066 329 1129 constantissime
339 1065 488 1148 respondi
498 1088 506 1127 ι
518 1065 680 1147 Optimum
689 1067 798 1142 luisse,
814 1067 927 1128 librum
940 1061 1098 1144 ejusmodi

80 1189 242 1249 nunquam
260 1167 369 1241 scribi,
388 1179 535 1228 caeterum
553 1178 758 1248 posteaquam
776 1168 839 1248 jam
860 1189 986 1249 sparsus
1004 1175 1098 1241 esset,

82 1279 113 1328 et
133 1268 251 1330 exisset
272 1267 390 1329 auctoris
410 1289 536 1342 manus,
556 1267 632 1330 nibil
650 1289 721 1331 csse
739 1269 866 1344 melius,
897 1289 989 1353 quam
1012 1269 1101 1330 evul-

84 1370 153 1450 gari
187 1372 416 1453 quamprimum
444 1371 539 1449 typis·
588 1372 629 1431 Et
657 1369 690 1431 id
726 1390 775 1431 me
811 1382 993 1432 curaturum
1028 1387 1100 1432 mco

86 1485 213 1547 sumptu
233 1472 387 1550 pollicitus
408 1493 494 1546 sum,
521 1471 547 1533 si
566 1473 694 1533 volente
715 1474 805 1534 lieret
826 1474 980 1533 Hutteno.
1018 1470 1102 1534 Inte·

29 1584 32 1590 '
83 1592 138 1632 rea
164 1571 347 1654 commigrat
377 1571 590 1650 Thurregium
616 1574 786 1634 Huttcnus.
824 1574 902 1634 Inde
922 1572 1045 1646 scribit,
1067 1583 1102 1634 ut

83 1675 144 1734 lioc
170 1673 286 1734 facttum
312 1675 344 1733 in
369 1674 451 1735 Atcn
479 1673 681 1735 Homericam
710 1656 905 1750 rejiciamus,
939 1684 1011 1754 post
1037 1676 1102 1734 lucc

87 1773 189 1834 omnia
211 1774 397 1853 prudentius
423 1785 564 1835 acturum
594 1796 674 1837 sese.
718 1776 875 1836 Praeterea
900 1773 974 1835 nihil
1001 1785 1104 1835 actum

83 1886 131 1935 est
151 1875 232 1935 inter
252 1896 322 1936 uns.
359 1875 435 1935 Hace
455 1874 558 1937 omnia
578 1876 623 1938 sic
642 1875 774 1946 habere,
795 1896 889 1937 nemo
909 1885 1104 1955 potestesse

84 1973 170 2034 testis
195 1975 294 2055 magis
323 1975 475 2050 idoneus,
507 1997 601 2058 quam
626 1977 888 2056 Eppendorpius,
919 1975 975 2058 qui
993 1997 1034 2037 ex
1055 1984 1102 2036 tot

86 2074 164 2136 meis
188 2074 294 2137 liberis
322 2096 358 2136 sc
382 2075 583 2139 familiaribus
617 2075 783 2158 colloquiis
809 2078 881 2138 satis
910 2076 1105 2138 animadver-

87 2174 140 2248 tit,
178 2194 229 2237 me
266 2197 380 2255 purum
408 2177 498 2238 amici
529 2176 623 2238 animi
653 2178 796 2238 affectum
827 2176 999 2239 obtinuisse
1031 2195 1107 2258 erga

87 2278 279 2351 Huttenum,
312 2288 342 2339 et
375 2279 495 2338 anullo
523 2277 625 2339 minus
645 2278 835 2357 suspicatum
859 2276 981 2339 hostilia
1000 2275 1108 2339 exori·

88 2389 174 2452 tura,
198 2398 290 2459 quam
310 2378 350 2438 ab
362 2377 425 2438 illo.
452 2376 514 2441 Ubi
527 2389 574 2437 est
586 2376 683 2459 igitur
701 2379 758 2440 ista
776 2378 992 2452 inhumanitas,
1012 2397 1107 2461 quam

88 2481 247 2541 Huttenus
272 2479 378 2541 verbis
404 2478 597 2561 exaggerat?
630 2476 685 2540 ubi
709 2491 906 2559 contemptus
929 2480 1005 2542 tanti
1026 2478 1127 2543 visit.

88 2580 142 2642 ubi
171 2592 271 2642 metus
301 2601 388 2639 saevae
409 2579 491 2650 illius
529 2580 805 2659 expostulationis,
832 2602 925 2662 quam
952 2580 1108 2645 sustinere

88 2703 165 2743 non.
181 2681 377 2760 potuissem?
402 2680 520 2758 Blande
539 2680 669 2762 rogavi,
696 2702 737 2741 ue
764 2681 831 2743 sine
852 2704 945 2745 causa
964 2693 1111 2764 gravaret

89 2783 223 2843 amicum
243 2782 379 2856 invidia,
413 2784 480 2861 plus
511 2781 583 2844 satis
615 2794 788 2863 gravatum.
838 2785 916 2844 Non*
939 2783 1111 2845 detrectavi

89 2881 304 2962 colloquium,
325 2881 351 2944 si
374 2882 452 2964 quid
472 2892 555 2943 esset
574 2882 661 2943 seriae
681 2881 739 2944 rei.
778 2883 887 2946 Detuli
905 2884 995 2946 amici
1015 2882 1112 2946 offici-

89 3005 159 3056 um,
204 2982 296 3044 etiam
333 3004 436 3064 usque
472 2985 512 3045 ati
547 2984 727 3063 pecuniam,
760 3006 854 3068 quant
882 3006 951 3047 mea
978 2984 1115 3059 tenuitas,

90 3084 251 3164 impartire
272 3085 436 3164 potuisset.
475 3086 642 3149 Postremo
664 3086 762 3148 obtuli
782 3086 991 3170 colloquium,
1020 3086 1112 3149 ctiam

94 3185 121 3247 si
143 3185 217 3245 nibil
239 3196 321 3246 esset
340 3185 428 3246 seriae
447 3186 514 3262 rei,
545 3188 641 3250 modo
673 3188 714 3248 ita
744 3188 870 3248 sederet
898 3187 1000 3248 animo
1019 3186 1114 3248 illius.

92 3288 243 3350 Delectus
271 3296 318 3346 est
349 3287 422 3346 huic
447 3288 579 3368 negotio
610 3289 764 3368 interpres
792 3289 947 3369 gratiosus
975 3309 1011 3349 ac
1030 3276 1114 3349 cirili

94 3386 260 3461 facundia,
287 3385 361 3469 qui,
382 3387 409 3448 si
430 3387 507 3470 quid
526 3389 618 3451 etiam
637 3389 793 3452 habuisset
814 3389 880 3450 otlii
891 3410 943 3450 res
955 3389 1038 3468 ipsa,
1059 3409 1114 3468 ge·

92 3509 246 3564 nerosus,
278 3501 432 3569 cognatus
459 3501 489 3551 et
515 3490 615 3551 civilis
643 3491 798 3570 interpres
824 3489 922 3551 lenire
948 3489 1113 3568 potuisset.

92 3591 213 3673 Liquct
238 3590 354 3673 igitur,
392 3611 487 3672 quam
506 3613 572 3651 non
591 3613 649 3653 suo
677 3594 749 3653 loco
769 3591 931 3653 dictasint
951 3589 1000 3650 illa
1019 3588 1113 3650 toties

93 3694 254 3754 Hutteno:
280 3692 442 3773 „repulisti
462 3692 679 3775 acolloquio.¹⁴
705 3695 778 3773 Ego
792 3704 827 3753 ut
839 3703 903 3752 tum
922 3711 1004 3751 eram
1021 3691 1114 3750 alico·

93 3804 161 3866 tus,
194 3795 244 3853 uel
267 3791 483 3856 Constantiam
508 3816 610 3876 usque
633 3814 697 3854 non
726 3805 872 3872 gravmus
893 3791 1021 3854 inissem
1041 3791 1114 3853 atle-

96 3893 238 3976 quitarc,
260 3893 286 3954 si
307 3897 475 3958 sensissem
494 3897 555 3957 hoc
576 3895 660 3955 serio
681 3894 802 3956 referre
821 3893 974 3967 Huttcni,
996 3904 1115 3955 tantum

94 3995 201 4069 abest,
222 4006 257 4056 ut
276 4017 294 4056 a
313 3997 475 4078 colloquio
495 3997 699 4059 submoturus
718 3995 843 4056 fuerim.
882 3997 1018 4055 'l'antum
1031 3990 1115 4075 apud

94 4116 145 4158 me
165 4096 288 4157 valebat
311 4096 458 4169 amicitia,
482 4120 576 4180 quam
596 4110 668 4159 ante
691 4097 869 4173 complures
891 4115 990 4156 annos
1010 4096 1113 4158 Musa

94 4196 176 4259 intcr
199 4219 258 4259 nos
279 4197 497 4274 conciliarant,
528 4220 563 4261 ac
583 4200 678 4260 semel
697 4196 821 4272 initam,
848 4209 955 4258 mutua
976 4198 1117 4279 quaedam

95 4302 236 4362 aluerant
258 4299 368 4362 officia.
409 4301 579 4362 Testanlur
595 4301 656 4360 hoc
669 4320 744 4360 meac
756 4296 1001 4369 lucubrationes,
1023 4318 1117 4380 cpiam

94 4421 161 4464 non
189 4401 362 4483 mtgariter
391 4399 558 4464 adamarim
589 4393 754 4482 ingenium
782 4411 816 4462 et
841 4418 955 4463 renam
973 4398 1117 4462 nutum.
