2618 5108
189 67 672 265 “ww-¹
713 232 732 244 θ

471 709 694 806 Insectirsf-
825 768 829 781 ·
917 718 923 727 ’
993 714 1110 806 'tlt
1124 724 1151 811 -J

89 930 181 992 rure,
212 915 239 979 si
258 935 276 978 s
295 915 574 992 robisseductus,
604 927 717 980 tamen·
738 914 910 1000 procedit,·
926 910 964 981 sit
993 912 1024 980 e'i
1037 916 1110 980 misi

90 1014 278 1099 gravissimo
307 1029 438 1098 accepto
464 1018 654 1081 detrimento
679 1020 882 1083 retrocedere
914 1039 981 1081 uon
1009 1016 1110 1080 licent.
1175 1069 1181 1083 .

91 1117 163 1181 Jsm
182 1118 244 1179 boc
261 1137 379 1180 vereor
398 1117 500 1194 enim,
526 1130 558 1179 et
577 1118 610 1180 in
629 1130 773 1201 tempore
784 1119 866 1181 illum
879 1138 1008 1184 maneo.
1047 1117 1111 1180 Sed

90 1216 192 1280 morlo
220 1237 286 1278 non
312 1217 417 1292 audit,
447 1239 505 1280 vos
532 1216 616 1280 enim
646 1220 763 1282 habetis
794 1220 859 1282 illas
887 1219 962 1280 mihi
989 1212 1127 1280 ‹lebitn'
1180 1214 1181 1219 ’
1234 1205 1239 1219 ’

92 1336 204 1392 aures,
224 1338 284 1379 ros
305 1318 462 1399 occupatis
476 1328 508 1380 et
525 1318 680 1381 iusisletis.
716 1322 761 1382 ..tt
778 1318 958 1400 aperientur
972 1317 1111 1401 aliquam
1134 1398 1136 1402 .
1202 1321 1207 1331 “

89 1415 138 1479 (lo
159 1416 337 1480 sanioribus
357 1418 449 1481 etiam
470 1418 625 1496 consiliis,
646 1421 763 1482 utinam
778 1431 850 1483 ante
869 1430 1030 1500 acceptum
1048 1437 1111 1481 mas
1132 1490 1135 1495 ³
1212 1401 1222 1416 ’

76 1517 171 1579 lum.
210 1519 289 1579 Nam
318 1521 408 1580 nullse
435 1521 570 1599 Syrenes
602 1522 806 1602 periculosius
837 1543 855 1583 a
881 1519 1110 1601 navigantibus,

93 1637 221 1701 quomo
240 1618 424 1681 Christianis
442 1622 642 1702 Principibus
660 1622 802 1685 Romans
817 1621 987 1684 audiuntur
1001 1619 1111 1684 delini·

92 1728 210 1782 menta.
257 1721 353 1800 Quod
373 1720 427 1782 tibi
453 1721 525 1809 dico
555 1722 702 1797 Marine,
732 1734 827 1806 atque
856 1721 969 1796 edico,
1001 1719 1111 1784 desine
1163 1756 1168 1776 ι

92 1818 275 1900 probissimi
291 1819 416 1898 juvenis
431 1831 567 1883 mentem
583 1825 766 1905 depravare.
797 1823 915 1886 Desine
931 1823 1112 1904 Principum

93 1939 132 1980 sc
151 1922 259 2001 populi
282 1919 455 1981 Germaniae
475 1922 566 2003 capiti
586 1922 728 1986 illudere.
768 1924 853 1986 Scias
876 1944 947 1984 curn
967 1923 1038 1997 sint,
1057 1923 1113 2005 qul
1131 1936 1145 1941 ”
1171 1954 1173 1958 <

94 2030 241 2104 agentem
261 2022 325 2083 hrec
345 2033 375 2082 te
396 2032 538 2100 spectent
557 2021 752 2098 tacitc,'uon
773 2024 940 2086 defuturos
961 2022 1018 2104 qui
1036 2010 1113 2082 ulci-
1132 2022 1158 2063 3‘

95 2131 223 2184 scennis
253 2141 325 2183 cum
355 2123 499 2184 tumultu.
548 2122 599 2184 An
627 2123 757 2186 ulterius
784 2124 868 2187 ferri·
887 2123 938 2185 hic
968 2133 1000 2184 te
1018 2127 1125 2202 posse*
1159 2155 1162 2160 ·

93 2240 219 2303 speres,
239 2240 310 2283 cum
330 2241 394 2282 non
415 2232 534 2287 tantum
549 2243 608 2284 nos
624 2223 790 2304 compites,
811 2224 867 2288 sed
880 2221 1007 2303 pejores
1021 2220 1113 2283 etism
1126 2263 1138 2270 «-
1148 2217 1180 2256 ³⁷

94 2321 222 2385 facias?
257 2322 340 2402 Quin
362 2321 454 2384 etiam
473 2322 545 2385 (lico
566 2323 644 2401 tibi,
674 2345 769 2387 move
796 2325 869 2387 hinc
892 2335 924 2385 te
952 2333 985 2387 et
1014 2320 1139 2386 statim·
1165 2330 1167 2335 ’

96 2419 237 2484 (liscetle.
275 2421 342 2485 Etsi
370 2423 454 2485 enim
482 2424 573 2485 novit
601 2425 783 2501 Germania,
818 2423 939 2508 magnis
966 2421 1030 2486 suis
1058 2420 1117 2486 (liti
1148 2435 1166 2455 ⁴*

96 2521 161 2604 jsrn
182 2524 293 2585 edocta
314 2522 538 2600 incommodis,
558 2525 760 2589 innocentem
775 2525 815 2588 ab
832 2525 912 2587 urbe
928 2525 1031 2587 Roma
1046 2537 1117 2586 ors*

97 2638 200 2688 torem
219 2632 273 2685 sut
292 2625 428 2707 legatum
447 2625 526 2686 mitti
545 2625 718 2703 neminem,
739 2647 777 2688 ea
794 2637 897 2688 tamen
924 2623 955 2685 in
983 2633 1014 2684 to
1037 2640 1117 2704 prssa

96 2723 191 2808 ei'puc
210 2725 392 2806 perspexit,
413 2747 483 2808 queo
504 2737 622 2788 tantum
642 2727 730 2790 abest
748 2737 904 2807 perpetuo
920 2735 956 2786 ut
970 2723 1115 2804 patiatur,

96 2835 132 2889 ut
146 2823 320 2887 existimem
335 2827 383 2901 *),
404 2825 497 2887 etiam
512 2824 616 2907 prius,
637 2848 731 2910 quam
747 2847 859 2889 carere
876 2836 916 2915 tu·
929 2823 961 2886 in
981 2823 1118 2885 animum

97 2927 250 3003 induces,
271 2927 508 2989 vindicaturam.
532 2967 534 2972 -
554 2926 686 2989 Nescire
706 2948 771 2988 uon
791 2938 898 3006 potes,
929 2933 1044 3008 quanta
1063 2933 1117 2984 tua

97 3027 133 3093 in
151 3031 264 3110 vulgus
285 3039 467 3091 emanarunt
486 3027 613 3107 flagitis.
652 3027 753 3089 Vides
777 3039 808 3089 te
824 3025 927 3109 digitis
948 3023 1064 3099 notari,
1087 3033 1119 3085 et
1150 3051 1152 3054 ⁴

97 3128 231 3194 indicari
260 3129 387 3192 nutibus
419 3132 519 3191 vides.
569 3131 683 3211 Neque
710 3128 845 3191 obscure
866 3126 1025 3207 intelligis,
1052 3144 1118 3187 non

98 3251 195 3315 posse
217 3232 295 3292 ultra
316 3230 444 3292 differre
478 3249 537 3290 nos
562 3231 624 3290 rim
643 3231 762 3291 doloris
784 3225 888 3307 hujus.
938 3225 1036 3288 Nimis
1060 3217 1120 3286 'diu

97 3340 204 3395 mente
225 3331 324 3410 capti,
346 3329 409 3410 jam
428 3328 639 3410 resipiscimus
688 3331 754 3391 'l'ot
775 3330 863 3391 armis
883 3325 1024 3388 fascinati
1042 3344 1118 3405 pnsa

99 3429 219 3515 stigiis,
240 3434 349 3493 oculos
369 3431 556 3510 recepimus.
596 3431 730 3494 Facesse
750 3428 892 3510 improba
913 3427 995 3490 [urta
1016 3419 1119 3505 perdiss

97 3546 150 3609 te,
171 3533 322 3595 nefariam
342 3532 576 3613 expilationem,
598 3531 794 3613 iniquissima
813 3527 939 3605 jurlicia.
959 3526 1120 3587 Hactenus

100 3634 168 3698 brec
199 3632 374 3696 tulerimus.
420 3633 531 3697 Ablata
556 3633 606 3694 illa
634 3643 682 3695 est
719 3653 737 3695 a
766 3628 870 3692 vobis·
889 3628 1017 3689 inducta
1047 3623 1120 3687 olim

102 3734 219 3798 nostris
241 3735 339 3798 oculis
360 3734 474 3817 caligo,
526 3734 721 3798 Praedicatur
751 3728 973 3813 Evangelium,
1007 3724 1121 3789 veritas

103 3834 320 3899 annuncietur.
357 3837 479 3898 Vestrae
503 3837 590 3919 leges
621 3834 755 3916 frigent,
775 3835 924 3895 Romanae
950 3822 1122 3910 despicatui

100 3935 257 4001 usbentm
276 3957 386 4020 nugam
410 3957 482 4018 spes
502 3947 549 3998 est
565 3933 725 3998 libertatis.
762 3933 882 3996 Desine
898 3930 1028 3993 ulterius
1045 3944 1121 4010 pras:

101 4037 173 4101 dsm
192 4048 275 4101 tuam
292 4037 494 4101 certissimam
514 4049 642 4119 putare,
665 4044 822 4118 quotquot
840 4032 927 4095 nefas
948 4032 1006 4092 sibi
1029 4024 1123 4092 lineis

101 4142 225 4203 votum.
275 4140 348 4202 Non
379 4136 504 4201 dabitur
534 4141 663 4220 posthac
686 4158 791 4201 mores
820 4156 1026 4216 corrumpere
1054 4124 1121 4208 tibi,

139 4351 169 4417 ⁸)
186 4362 354 4407 Extittmsm:
380 4373 472 4407 verear.
