2618 5108
91 757 94 765 Ι
166 794 237 881 tlt
479 793 650 872 Monitor
685 796 881 872 secundus.

158 998 327 1071 ruperunt,
336 989 490 1071 populum
499 986 712 1055 Christianum
724 991 872 1058 docendo
884 992 1027 1057 scelerati
1039 992 1195 1073 homines,

158 1102 279 1154 utnon
299 1090 418 1155 Christi
445 1093 646 1168 sacerdotes,
677 1094 735 1155 sed
770 1095 903 1155 exotico
932 1092 1125 1176 cujuspiam,
1157 1119 1195 1161 ac

157 1192 308 1259 testandae
328 1191 562 1274 superstitionis
581 1194 746 1257 sacrificuli
765 1195 961 1258 viderentur.
1014 1198 1104 1258 illunc
1124 1200 1194 1260 ntu-

156 1293 279 1358 minatae
298 1294 462 1357 bominum
482 1304 604 1357 mentes
624 1306 716 1370 sunt,
731 1294 893 1379 ¹abstersis
915 1296 1049 1358 nebulis.
1071 1302 1193 1379 ,Quam

155 1394 251 1460 nobis
279 1394 415 1460 maxime
445 1396 565 1472 lucem,
602 1397 817 1478 instinguente
853 1394 996 1473 Christo,
1026 1398 1191 1463 Lutbcrus

155 1496 317 1574 accendit,
352 1519 448 1581 quem
468 1499 523 1581 qui
545 1498 630 1575 odit,
663 1497 824 1562 Christum
846 1517 912 1558 non
938 1509 1029 1560 amat.
1079 1501 1189 1579 Quare

153 1599 240 1663 bunc
267 1618 455 1681 sequamur,
493 1609 655 1682 quotquot
679 1619 807 1673 sumus,
842 1619 925 1681 quos
955 1597 1118 1680 religionis
1157 1612 1190 1664 ct

152 1699 231 1763 fidei
248 1719 341 1762 casus
361 1716 538 1781 permovet.
576 1700 771 1780 Imposturcs
790 1719 868 1762 vero
887 1699 964 1762 istos
985 1689 1105 1761 mundo
1120 1700 1190 1763 exi·

151 1820 283 1886 gamus,
303 1815 337 1864 et
354 1798 482 1880 abjecto
503 1801 594 1883 gravi
613 1821 651 1864 ac
669 1800 862 1882 importabili
880 1799 978 1881 jugo,
1009 1801 1041 1863 in
1061 1802 1190 1865 liberta·

151 1915 217 1967 tem
235 1922 295 1965 nos
313 1920 392 1967 vere
413 1899 623 1965 Christianam
642 1903 837 1964 adseramus.
888 1901 951 1964 Ubi
983 1902 1066 1965 bene
1085 1903 1187 1984 jubeo

150 2023 280 2088 sperare
290 2017 333 2066 te.
352 2003 433 2065 Nam
444 2013 480 2065 ut
491 2002 663 2117 intelligas,
683 2023 749 2064 non
760 2000 886 2084 penitus
900 2001 1068 2067 infeliciter
1081 2004 1186 2088 egisse

99 2121 105 2153 ·‘
150 2125 280 2181 omncs,
301 2125 358 2188 qut
348 2101 623 2167 sacerdotibus'
615 2103 732 2167 mimici
723 2103 901 2178 suerunt,
922 2106 1064 2168 ernultis
1084 2127 1186 2170 unum

148 2207 208 2271 tibi
228 2223 376 2290 propone
390 2203 559 2285 BoJemum
574 2205 720 2281 Ziscam,
741 2203 820 2266 tami
839 2202 957 2267 tamdiu
978 2205 1052 2268 belli
1071 2217 1185 2272 contra
1248 2250 1262 2291 ς,

80 2299 86 2310 ’
149 2305 334 2374 sacerdotes
362 2305 478 2368 ducem
506 2305 757 2369 invictissimum.
815 2304 879 2369 Cui
909 2304 989 2407 qpid
1023 2308 1114 2370 deest
1145 2306 1188 2371 ad
1227 2294 1279 2345 „f-

146 2416 392 2472 consummatam
411 2427 524 2470 summr
515 2404 748 2487 Imperatoris
776 2404 934 2490 gloriam?
965 2408 1082 2469 Nonne
1104 2409 1186 2471 hone

146 2518 221 2592 post
239 2527 274 2568 se
293 2508 418 2569 laudem
439 2507 585 2592 reliquit,
615 2507 819 2590 styrannide
839 2508 971 2588 patriam
996 2508 1085 2591 quod
1105 2508 1185 2571 libe·

146 2609 282 2688 raverit,
313 2619 383 2672 tota
401 2606 546 2689 Bojemia
565 2608 709 2672 homines
729 2608 834 2683 nihili,
877 2609 1000 2673 otiosos
1020 2610 1182 2673 sacrificos

145 2721 179 2777 et
194 2713 326 2774 inertes
363 2711 536 2773 monachos
565 2707 722 2791 ejecerit?
765 2710 850 2773 bona
882 2709 1026 2784 illorum,
1067 2711 1181 2791 partim

145 2834 259 2877 corum
289 2811 346 2897 qui
378 2811 578 2874 contulerant
615 2809 812 2887 heredibus,
856 2810 968 2892 partim
999 2812 1182 2893 reipublice

143 2911 367 2981 distribuerit?
392 2911 545 2976 Romanis
565 2911 836 2989 infestationibus,
865 2923 897 2974 ct
916 2913 1109 2975 Pontificum
1132 2935 1186 2978 ra·.

143 3016 227 3098 pinis
246 3032 363 3080 terram
381 3013 545 3088 clauserit3
578 3013 786 3077 miserabilem
808 3013 907 3075 sancti
926 3014 1062 3077 hominis
1083 3000 1193 3079 Hussi'

142 3117 305 3182 interitum
344 3126 473 3179 strenue
500 3116 584 3177 ulnas
616 3113 681 3177 sit?
712 3113 750 3175 ln
781 3114 829 3176 his
864 3115 1011 3177 omnibus
1042 3116 1181 3196 predam

142 3239 211 3282 non
240 3216 413 3301 quesierit,
441 3235 502 3278 nec
530 3238 564 3279 se
594 3215 664 3296 ipse
684 3235 825 3300 unquam
854 3216 1114 3297 locupletaverit,
1150 3229 1183 3282 et

141 3309 248 3383 tamen
280 3318 312 3380 in
342 3318 404 3380 hoc
434 3337 597 3401 nunquam
623 3317 800 3399 interrupto
818 3315 975 3379 felicitatis
997 3338 1111 3394 cursu,
1137 3340 1181 3382 cx

142 3441 267 3487 summo
294 3417 496 3502 popularium
530 3419 709 3493 desiderio,
749 3437 832 3500 quos
859 3418 1048 3481 salutaribus
1079 3435 1176 3501 pauto

142 3536 215 3589 ante
254 3541 391 3585 mortem
428 3518 699 3582 admonitionibus
738 3517 855 3582 erudiit
886 3539 1070 3602 supremum
1103 3520 1175 3584 vite

141 3627 227 3694 diem
242 3622 368 3687 clausit.

557 3713 759 3779 Monitor.

215 3819 291 3903 Ego
311 3835 391 3881 vero
411 3835 536 3898 semper
556 3816 679 3893 audivi,
713 3817 814 3879 Ziscae
829 3837 881 3878 res
900 3826 1024 3897 gestas,
1046 3811 1176 3881 sceleris

139 3936 173 3990 et
191 3917 358 4006 impietatis
378 3937 448 3984 esse
467 3917 674 4000 plenissimas.

525 4051 782 4116 Franciscus.

215 4159 324 4243 Atque
343 4176 406 4240 ego
426 4152 551 4230 audivi,
572 4156 629 4217 sed
652 4157 703 4217 vel
723 4155 762 4218 ab
780 4154 863 4217 illius
882 4147 1039 4227 inimicis,
1060 4152 1112 4213 vel
1132 4148 1173 4215 ab

137 4264 196 4342 iis,
226 4262 283 4348 qui
313 4258 475 4324 historiam
493 4276 560 4318 non
579 4265 665 4318 recte
685 4268 857 4332 noverant,
892 4255 950 4318 sed
977 4274 1020 4315 ex
1039 4273 1172 4316 rumore

135 4366 263 4451 vulgari
281 4359 499 4444 proferebant,
550 4365 670 4420 Verum
705 4366 799 4438 quale
829 4362 931 4418 scelus
956 4368 1019 4428 est,
1055 4358 1174 4430 prinis-e

139 4471 406 4539 nocentissimos?
433 4472 487 4523 aut
516 4479 587 4544 quaa
618 4456 782 4541 impietas,
825 4453 970 4534 homiues
1004 4451 1173 4531 superbos,
