2618 5108
350 759 397 834 ad
421 760 474 834 M.
499 712 714 834 Lutherum'
725 758 841 858 Epist.
1028 763 1100 840 sat.
1124 774 1127 779 ’

79 956 147 1020 aliis
178 955 260 1018 illius
284 952 497 1029 facinoribus,
530 952 629 1035 vulgo
661 952 755 1017 etiam
778 953 882 1029 notis,
915 954 1035 1018 nullum
1064 951 1100 1017 in

79 1066 224 1141 Sponqia
243 1054 377 1118 verbum
395 1053 544 1126 fecerim,
563 1072 634 1114 cum
653 1050 723 1127 itte,
742 1072 802 1116 nec
819 1051 921 1117 verbo
940 1073 1097 1135 provoca·

82 1170 133 1218 tus
163 1177 268 1233 arne,
296 1153 421 1237 prodita
446 1151 579 1216 amicitia
597 1152 629 1214 in
657 1151 786 1234 gratiam
805 1151 899 1216 unius
918 1153 1098 1232 nebulonis,

81 1279 148 1340 quo
168 1256 244 1319 nihil
264 1254 435 1338 perditius,
465 1263 586 1314 tantum
614 1251 764 1315 falsorum
795 1251 960 1318 criminum
985 1251 1019 1316 iu
1047 1273 1100 1318 me

81 1357 234 1437 gesserit,
265 1365 414 1438 quantum
434 1372 542 1415 scurra
561 1350 665 1435 quivis
692 1351 725 1415 in
745 1354 876 1419 alterum
895 1352 996 1434 possit
1013 1373 1100 1418 com·

81 1454 216 1520 minisci.
260 1456 311 1518 De
330 1452 537 1536 perfidissimo
557 1455 704 1535 evulgata
727 1453 767 1515 ad
784 1451 1013 1537 Mogontirrum
1031 1453 1100 1535 epi-

79 1559 178 1631 stola,
196 1573 367 1637 suppresso
380 1551 478 1633 ipsius
493 1549 639 1628 nomine,
655 1550 780 1628 reser03
794 1553 835 1618 de
848 1557 943 1618 altera
955 1555 1099 1637 perfidia,

80 1653 272 1739 queisceret
299 1676 375 1717 usus
402 1651 436 1715 in
462 1674 530 1728 ms,
558 1663 660 1716 taceo.
707 1651 912 1733 Extorserat,
940 1665 977 1720 ut
994 1655 1098 1722 mtdtis

80 1756 221 1839 epistolis
239 1754 316 1818 meis
333 1752 621 1827 commendaretur,
639 1751 673 1814 in
691 1754 761 1816 aula
778 1753 929 1833 cesaris,
948 1775 1021 1820 cum
1034 1754 1100 1835 jam

45 1911 46 1914 ,
78 1856 278 1937 conjurasset
314 1855 466 1919 adversus
503 1851 677 1931 Caesarem,
723 1861 841 1918 tantam
869 1856 981 1919 volens
1012 1853 1101 1921 abuti

82 1956 215 2021 Caesaris
241 1954 369 2016 nomine
398 1954 438 2016 ad
465 1952 639 2015 vexandam
654 1972 800 2019 uxorem.
836 1953 889 2023 Sic
906 1966 1100 2037 provocatus

81 2057 121 2119 ab
148 2076 204 2132 eo,
233 2055 274 2117 de
301 2074 367 2138 quc
395 2052 442 2117 sic
469 2051 596 2115 meritus
624 2049 763 2131 sueram,
792 2075 901 2119 nonne
926 2075 999 2119 meo
1026 2054 1101 2137 jura

82 2153 230 2240 poteram
253 2153 288 2217 in
312 2153 360 2216 his
379 2172 448 2216 esse
469 2151 630 2215 disertus?
656 2163 688 2215 et
705 2159 810 2219 tamen
828 2176 930 2220 vocor
946 2152 1100 2222 immode-

80 2268 158 2320 stus.
197 2253 285 2339 Quid
307 2265 416 2320 ottoni
432 2272 504 2315 cum
522 2264 684 2320 Hueteno?
707 2255 749 2316 Et
766 2253 811 2335 is,
829 2276 992 2342 uunquam
1008 2258 1099 2323 lesus

82 2358 183 2421 verbo
213 2377 232 2418 a
250 2377 300 2419 me
321 2354 484 2438 quomodo
511 2351 614 2417 rurist
638 2356 709 2419 Hos
734 2367 838 2420 tamen
861 2377 957 2420 vocas
975 2354 1100 2422 meisi·

84 2458 184 2521 miles.
221 2459 294 2540 Ego
309 2477 368 2519 nec
383 2455 524 2519 homines
536 2456 636 2532 duco,
655 2456 712 2520 sed
723 2454 850 2533 Furias3
868 2466 986 2522 tantum
1000 2457 1098 2538 abest,

80 2569 117 2620 ut
135 2557 198 2621 mei
215 2559 334 2620 similes
350 2576 533 2639 agnoscam
551 2575 610 2638 per
623 2553 805 2636 huiusmodi
820 2570 966 2638 portenta
982 2557 1100 2625 instau-
1137 2589 1141 2604 ·

81 2658 203 2721 rabitur
224 2657 433 2739 Evangelium
451 2654 592 2719 scilieet?
619 2657 684 2718 Has
702 2656 797 2721 habet
813 2647 974 2721 coltmaias
991 2678 1099 2732 renasq
1117 2688 1123 2698 ·

81 2778 156 2827 cens
174 2758 339 2821 Ecclesia?
358 2757 395 2819 ln
414 2757 529 2820 horum
547 2754 648 2819 ioedus
666 2775 718 2819 me
737 2753 944 2822 admisceam?
967 2757 1032 2822 Sed
1048 2756 1097 2824 his

82 2859 123 2923 de
151 2859 250 2921 rebus
276 2861 345 2938 plus
372 2856 445 2921 satis
473 2867 661 2925 docebimus
695 2855 878 2936 perplacuit.
921 2857 1098 2924 Molestum

82 2971 169 3036 erat,
192 2960 282 3042 quod
300 2967 563 3023 Melanshthcnis
580 2979 646 3021 non
658 2957 702 3041 sit
721 2957 791 3020 deu
810 2953 912 3037 copia.
940 2957 1099 3028 Dominus

80 3071 176 3124 Jesus
201 3058 317 3142 dirigat
343 3072 480 3121 mentem
506 3070 592 3121 tuam
618 3057 653 3121 in
682 3076 722 3120 ea
739 3055 885 3135 consilia,
922 3079 993 3142 que
1022 3071 1119 3124 simt-

79 3158 179 3239 ipsius
207 3157 384 3241 Evangelio
411 3157 517 3240 digua.
562 3157 691 3222 Basileae
715 3177 757 3223 ex
779 3166 923 3243 tempore
940 3157 1095 3241 postridie
1120 3228 1122 3232 Α

79 3254 311 3336 Nonasitlajae
332 3258 380 3322 Μ.
395 3256 438 3322 D.
457 3255 584 3323 XXIV.
