2618 5108
142 772 216 852 ttt
504 769 665 870 Spongia
687 768 830 845 Erasini
852 717 866 727 “

145 963 308 1029 cutoritati
327 963 442 1026 cedere
461 962 607 1043 dogmata
633 973 665 1025 et
684 950 851 1042 opiniones
869 958 1045 1034 hominum
1071 978 1176 1039 cirpe-

147 1075 236 1141 rcnt,
255 1066 404 1126 humanas
420 1062 659 1126 constitutiones
675 1083 742 1124 non
757 1062 898 1143 pruteni
912 1060 1074 1143 preceptis
1091 1058 1174 1134 neu

146 1166 269 1231 nollent
298 1165 481 1228 scholastica
510 1164 636 1225 decreta
664 1163 781 1246 quaevis
807 1163 923 1224 habere
954 1160 1019 1222 vim
1038 1156 1174 1234 oraculi,

146 1266 292 1329 dolentes
311 1265 464 1347 populum
479 1263 690 1327 Christianum
709 1263 835 1344 gravari
856 1261 1042 1344 quibusdam
1061 1259 1173 1321 huma·

147 1364 198 1429 uis
227 1364 525 1439 constitutionibus,
559 1363 656 1426 veluti
696 1363 736 1425 de
764 1363 888 1424 delectu
929 1359 1095 1434 ciborum,
1128 1357 1173 1420 dc

146 1465 344 1529 multitudine
363 1465 529 1539 festorum,
546 1463 586 1524 de
602 1462 815 1524 reservatione
836 1480 982 1533 casuum,
1004 1459 1044 1519 de
1063 1453 1173 1538 gradi·

145 1565 207 1630 bus
228 1566 426 1646 cognationis
445 1563 597 1637 astrictis,
629 1564 669 1624 de
688 1561 878 1644 cognatione
904 1557 1070 1640 spirituali;
1101 1557 1173 1617 vel·

145 1666 213 1729 lent
231 1665 336 1741 etiam,
360 1667 500 1748 quaedam
519 1666 652 1727 humana
673 1664 782 1742 placita
802 1661 915 1722 cedere
935 1658 1066 1740 publicae
1081 1655 1173 1726 ,utili-

145 1765 329 1848 tati,1quod
348 1785 449 1846 genus
469 1776 533 1839 est,
564 1786 606 1825 ex
631 1767 700 1825 solo
721 1784 877 1825 consensu
900 1763 987 1821 coire
1008 1755 1171 1821 matrimo-

65 1869 70 1878 '
144 1865 250 1940 nium;
280 1877 450 1947 cuperent,
477 1865 628 1945 explicari
654 1864 858 1926 conscientias
877 1860 1054 1935 hominum,
1076 1855 1171 1920 nimis

144 1964 249 2030 multis
266 1965 385 2048 laqueis
400 1965 579 2047 impeditam
600 1976 761 2046 cuperent,
778 1963 948 2024 conciones
966 1980 1035 2022 csse
1054 1957 1170 2025 tiberas

128 2085 182 2129 ,ιο
207 2077 345 2140 sanctas3
377 2077 547 2147 cuperent,
578 2066 769 2146 Episcopos,
803 2064 858 2146 qui
889 2083 972 2123 nunc
992 2080 1104 2140 magna
1125 2080 1168 2122 cx

144 2176 234 2246 purte
249 2165 324 2228 nihil
338 2164 422 2226 aliud
435 2178 507 2229 sunt
523 2187 616 2249 quam
636 2165 784 2227 mundani
801 2164 983 2240 Principes,
1004 2181 1072 2223 csse
1087 2177 1168 2222 vere

143 2265 341 2346 Episcopum
361 2266 555 2337 Monachus,
578 2265 692 2346 quibus
712 2286 795 2327 nunc
811 2265 885 2325 nihil
904 2274 949 2325 est
963 2259 1165 2337 mundanius,

144 2384 301 2428 csscvere
312 2365 500 2426 Monachos.
521 2365 562 2426 Hi
576 2367 718 2427 Luthero
729 2365 836 2427 lavent
847 2367 907 2426 hoc
922 2365 1059 2438 nomine,
1074 2363 1167 2445 quod

145 2465 226 2528 ltanc
252 2464 446 2545 provinciam
475 2465 600 2526 sortiter
619 2464 762 2527 videatur
782 2487 960 2548 aggressus.
1013 2463 1096 2527 Cum
1115 2463 1166 2526 his

105 2591 107 2594 ⁴
143 2565 220 2629 mihi
239 2565 267 2628 si
286 2566 389 2628 toedus
408 2585 474 2628 non
494 2576 557 2649 est,
583 2577 668 2627 certe
687 2578 789 2627 manet
808 2579 899 2627 vetus
920 2564 1068 2639 amicitia,
1094 2565 1166 2628 lite-

143 2687 249 2730 rarum
277 2667 399 2748 glutino
434 2666 614 2740 conciliata,
648 2665 766 2729 etiamsi
795 2687 860 2726 nou
889 2665 1101 2727 consentimus
1129 2666 1166 2728 in

143 2768 299 2830 omnibus.
337 2769 462 2829 Horum
489 2771 591 2828 nullus
612 2778 681 2842 est,
706 2766 761 2849 qui
782 2767 916 2828 Hutteui
935 2777 1066 2826 conatus
1086 2786 1165 2846 pro·

140 2866 211 2944 bet,
231 2888 271 2929 ne
291 2865 358 2947 ipse
379 2867 506 2949 quidem
524 2868 695 2929 Lulhcrus.
740 2867 817 2929 Sunt
837 2890 945 2928 rursus
967 2867 1093 2948 quidam
1113 2869 1164 2930 in·

141 2967 245 3042 docti,
265 2966 380 3029 nullius
401 2962 527 3044 judieii,
556 2968 625 3028 vitae
646 2969 788 3046 impure,
822 2967 1064 3042 obtrectatores,
1088 2979 1161 3048 'per-

141 3063 278 3137 vicaces,
301 3065 526 3142 intractabiles,
552 3067 596 3128 sio
612 3069 726 3129 addicti
737 3067 895 3141 Luthero‚
916 3078 951 3128 ut
972 3089 1029 3128 nec
1049 3068 1159 3145 sciant,

141 3182 202 3226 nec
230 3174 374 3240 servent,
405 3166 493 3247 qnod
518 3167 676 3231 Lutlrerus
704 3169 808 3229 (locet.
855 3168 990 3228 Tantum
1011 3170 1159 3248 Evange-

139 3261 215 3327 lium
235 3263 351 3325 habent
376 3265 408 3326 in
428 3285 503 3340 ore,
523 3267 688 3347 negligunt
715 3289 826 3348 preces
845 3280 877 3330 et
896 3289 997 3341 sacra,
1024 3289 1161 3331 vescun-

141 3374 193 3426 tur
218 3364 429 3447 quibuslibet,
459 3376 492 3427 ct
517 3367 705 3429 maledicunt
732 3371 876 3431 Romano
897 3367 1056 3430 Pontifici.
1106 3368 1161 3432 Sic

141 3464 316 3530 Lutherani
335 3475 418 3528 sunt.
457 3466 580 3527 Horum
600 3466 779 3531 inconditos
799 3471 965 3543 tumultus,
994 3480 1025 3528 ct
1045 3467 1158 3530 incon·

140 3566 220 3628 sulla
240 3566 371 3627 concilia
391 3566 555 3647 Principes
575 3587 611 3627 ac
631 3569 826 3650 magistratus
852 3570 977 3631 tandem
999 3580 1159 3650 cogentur

141 3666 331 3747 opprimere.
368 3667 481 3748 Itaque
508 3669 562 3729 fiet
581 3669 693 3730 horum
712 3668 807 3744 vitio,
842 3681 877 3731 ut
904 3690 964 3730 nec
989 3671 1038 3730 illa
1058 3668 1161 3731 corri-

139 3777 264 3846 gantur,
284 3767 323 3828 de
344 3767 459 3849 quibus
479 3769 614 3829 mundus
633 3770 744 3830 merito
763 3769 917 3852 queritur.
955 3772 1061 3851 Atque
1076 3768 1160 3833 inter

140 3869 254 3948 pocula
284 3870 470 3948 plerumque
496 3867 609 3930 seritur
641 3869 743 3931 loedus
777 3869 1014 3950 Evangelicum.
1060 3870 1157 3932 Adeo

139 3985 219 4027 vcro
245 3968 362 4050 stupidi
388 3979 461 4031 sunt
486 3969 571 4045 scre,
601 3979 721 4030 utnon
747 3968 938 4050 intelligant,
970 3990 1039 4031 sese
1059 3970 1159 4051 pluri·

138 4085 224 4129 tuum
254 4067 378 4130 officere
398 4088 517 4143 causes,
543 4068 595 4132 eui
621 4069 743 4144 lavent;
776 4080 807 4130 et
835 4070 891 4152 qui
910 4070 984 4130 velit
1004 4068 1061 4132 illis
1081 4090 1158 4148 pro·

138 4166 247 4245 dessc',
277 4188 407 4231 necesse
432 4169 543 4231 habeat
562 4190 617 4232 cos
645 4170 773 4244 l'allere,
804 4169 903 4230 veluti
923 4192 993 4231 cum
1013 4170 1156 4233 medicus

137 4268 272 4361 imponit
305 4267 507 4351 phrenetico,
541 4269 669 4331 daturus
709 4272 918 4349 pharmacum.
977 4270 1060 4334 Cum
1092 4274 1159 4335 hoc

137 4369 299 4435 hominum
318 4388 436 4451 genere
464 4371 585 4434 nullum
604 4369 737 4452 optarim
755 4390 817 4453 ego
838 4370 1072 4438 commercium.
1110 4372 1157 4435 At
