2618 5108
204 832 279 925 aas
497 826 953 929 ‚emmanue

206 1019 369 1103 dun-‚jam
392 1019 479 1084 dedit
506 1020 581 1085 mihi
610 1018 782 1085 voluntatis
807 1042 878 1085 sue
906 1021 1154 1107 significationes
1171 1020 1236 1096 ille,

204 1120 290 1206 qaod
310 1132 494 1204 ,proponst,
520 1120 680 1205 siquando
706 1142 815 1187 rausa
843 1125 983 1199 habenas
1008 1125 1053 1189 ad
1079 1123 1184 1206 ipsu
1199 1138 1239 1191 κ

211 1221 388 1306 collegerit·
628 1294 632 1301 ,
680 1268 683 1277 -
1043 1263 1049 1273 ·

201 1378 210 1399 .-
613 1339 826 1404 Huttenus.
864 1344 868 1349 ’

289 1440 363 1520 Quo
378 1437 420 1501 cle
437 1457 599 1519 nunquam
611 1459 678 1500 non
697 1437 790 1519 jubes
805 1443 888 1505 bene
898 1462 1028 1525 sperare
1041 1462 1110 1526 rae,
1130 1462 1241 1526 quun·

216 1560 313 1623 quam
337 1550 371 1600 et
398 1540 466 1620 ipse
494 1538 611 1622 alioqui
639 1539 722 1603 bona
747 1543 882 1624 quadam
908 1526 1047 1605 inillam
1071 1544 1242 1606 allectione

213 1663 296 1705 suni.
343 1641 408 1705 set
427 1637 492 1721 jam
516 1651 640 1720 tempus
660 1652 727 1703 erat
752 1644 938 1726 emergendi
963 1645 1002 1706 ab
1020 1645 1242 1727 improborum

214 1740 426 1824 oppressione.
446 1761 550 1817 etun,¹
568 1761 630 1803 nec
655 1744 854 1824 permittere,
881 1755 925 1809 ut¹
941 1744 975 1807 in
1005 1768 1042 1813 re
1069 1747 1141 1810 ntuli
1159 1748 1242 1811 adeo

201 1842 372 1924 exempli,
392 1855 644 1921 nomen-suum,
669 1864 815 1922 mum,
845 1855 940 1931 atque
958 1845 1086 1930 sigum
1103 1848 1245 1915 vendant

203 1941 368 2026 ‚improbi

270 2114 278 2131 ,
607 2059 864 2125 Francircus.

289 2164 463 2242 Emerge,
502 2163 647 2226 confidet
696 2173 793 2245 atque
834 2161 920 2225 istud
950 2162 1094 2226 excutiet
1130 2164 1172 2228 sb
1192 2186 1244 2229 -ee

196 2263 346 2347 -jugum,
377 2274 409 2325 et
431 2263 563 2345 amplius
581 2284 649 2326 non
667 2262 766 2338 sinet,
796 2263 941 2326 instares
962 2265 1136 2345 obrepere,
1168 2284 1246 2330 culn

215 2366 344 2440 volent,
364 2363 444 2427 istos
463 2363 546 2441 sibi,
566 2364 888 2448 nequeabutentlum
907 2363 951 2427 ita
970 2387 1005 2428 se
1023 2365 1188 2448 praebebit.
1225 2398 1227 2403 ·

623 2498 839 2560 Huttenus.

290 2598 388 2680 Quod
420 2598 446 2661 si
478 2596 590 2674 faciat,
620 2608 658 2660 ut
684 2598 842 2663 facturum
871 2617 983 2678 spero,
1005 2616 1092 2660 non
1117 2598 1245 2678 dubito,

213 2697 294 2783 quin
312 2698 466 2763 imitaturi
482 2720 555 2765 eum
571 2699 634 2762 sint
652 2696 720 2775 alii,
741 2709 778 2761 ut
788 2698 918 2762 vilescat
930 2699 1056 2762 tandem
1069 2698 1247 2764 scribarum
1297 2746 1301 2753 -

212 2800 377 2865 autoritas.

608 2918 866 2981 Franciscus.
937 2926 941 2931 '

293 3019 393 3084 Certe
412 3019 519 3083 faciet.
557 3018 625 3082 Iam
646 3021 731 3080 enirn
749 3019 848 3100 magis
869 3037 907 3079 ac
924 3017 1024 3100 magis
1042 3017 1251 3083 innotescunt

214 3118 258 3183 illi
277 3123 364 3184 malea
383 3132 484 3199 artes,
506 3141 544 3184 ac
562 3120 731 3202 displicere
749 3141 850 3203 prava
869 3118 1037 3200 incipiunt.

628 3270 844 3332 Huttcnus.

281 3367 401 3453 'Qtram
429 3368 682 3433 consolationem
710 3370 817 3433 verbis
849 3368 1035 3451 promissam
1054 3386 1161 3446 nunc,
1180 3370 1251 3451 ¹ubi

217 3491 255 3537 re
279 3472 451 3558 aliquando
473 3471 656 3547 exhibebis,
677 3482 744 3532 turn
765 3472 818 3533 llet
839 3469 952 3552 pro'cnl
972 3468 1089 3545 dubio,
1106 3478 1146 3533 ut
1165 3470 1253 3551 apu'tl

219 3595 359 3639 summos
379 3573 545 3653 Principes
566 3572 659 3634 bonis
678 3570 755 3633 viris
775 3574 865 3633 locus
888 3571 946 3646 sit,
967 3592 1034 3631 non
1054 3569 1105 3632 isti
1124 3582 1156 3634 et
1175 3592 1252 3652 pos·

220 3676 301 3753 sint,
324 3688 357 3738 et
376 3678 515 3738 audeant
533 3674 638 3736 omnia
657 3673 755 3737 infnni
775 3673 936 3747 homines,
960 3670 1017 3754 qui
1037 3675 1122 3735 nulla
1134 3693 1252 3755 regen·

219 3777 333 3840 tlanrrn
354 3797 462 3840 rerunt
481 3775 697 3851 autrannus,
719 3785 772 3837 aut
790 3773 937 3848 scientia,
957 3775 1043 3836 nulla
1056 3756 1251 3857 'antiquitatle

218 3878 391 3956 memoria,
419 3897 526 3941 renam
548 3877 762 3958 experientia,
794 3876 888 3937 animi
912 3876 1084 3950 industria,
1109 3875 1252 3959 denique

220 3981 304 4044 haud
324 3982 385 4043 utta
406 3980 594 4042 iturocenliae
615 3979 807 4042 conscientia
827 3977 969 4058 praediti,
989 3998 1101 4039 venun
1120 3979 1188 4040 sola
1205 3988 1253 4043 le·

219 4081 361 4144 meritate
391 4095 423 4145 et
452 4081 665 4164 impudentia,
698 4100 734 4143 ac
763 4079 905 4160 pessimis
933 4080 1007 4140 lrcti
1037 4080 1180 4156 artibus,
1213 4080 1254 4142 ad

219 4183 383 4267 publicum
417 4205 543 4247 morum
563 4185 735 4265 legumque
755 4181 900 4262 regimen
930 4183 1096 4243 accedunt.¹
1141 4180 1254 4246 Rebus

116 4331 119 4337 ,
221 4285 372 4370 prolecto
391 4285 438 4347 sic
457 4284 633 4360 stantibus,
655 4305 811 4365 rrrrsquam
831 4283 924 4344 bonis
944 4304 1014 4345 esse
1034 4281 1142 4345 licebit
1159 4282 1256 4346 Priu-

222 4386 366 4471 cipibne,
392 4407 452 4467 per
473 4384 687 4450 cancellarios
706 4383 803 4460 istos,
831 4404 849 4444 c
870 4405 1009 4466 quorum
1026 4383 1166 4458 moniis,
1186 4394 1256 4447 tan·

222 4510 321 4578 quam
350 4488 498 4554 adivluo
527 4489 669 4573 quodam
696 4486 816 4550 oraculi
836 4497 1005 4569 petuntur,
1037 4504 1108 4569 qtae
1126 4484 1170 4548 ad
1188 4504 1254 4563 res,
