2618 5108
209 786 284 881 llo
318 774 333 791 ἡ
436 779 439 783 .
548 805 709 908 Spongia
730 805 873 882 Erasmi

211 998 300 1062 leno.
351 997 456 1062 Porro
477 1000 734 1064 Lutheranornm
763 1000 797 1064 iu
821 1022 874 1065 me
902 1000 1024 1064 libellos
1055 1001 1137 1063 adeo
1159 998 1233 1063 nori

207 1106 336 1177 rh'etuo,
366 1112 403 1162 ut
422 1101 560 1175 doleam,
587 1122 653 1162 nou
679 1101 826 1182 prodisse
845 1112 916 1164 ante
935 1112 998 1164 tres
1018 1121 1135 1175 annos3
1161 1101 1229 1164 imo

207 1202 282 1264 mssri
304 1221 530 1285 nonnunquam
550 1201 611 1262 tuit
629 1200 663 1262 in
689 1203 813 1278 animo,
839 1203 1013 1266 subornare
1037 1201 1228 1285 quempiam,

208 1304 264 1390 qni
279 1312 469 1384 provocaret
488 1304 549 1364 hue
565 1301 700 1384 aliquem
725 1301 890 1384 insigniter
915 1304 1146 1375 Lutheranurm
1167 1318 1231 1364 neo

208 1403 293 1465 enim
313 1405 370 1465 alia
390 1423 440 1465 res
460 1423 509 1464 rue
523 1413 648 1483 poterat
660 1402 792 1464 liberare
807 1403 934 1465 invidia.
973 1405 1052 1465 nam
1065 1396 1230 1464 Huttor'rus

205 1503 281 1567 nihil
300 1504 404 1566 mirius
431 1515 477 1567 est
497 1523 590 1585 quam
610 1502 830 1578 Lutheranus‚
861 1514 892 1564 et
910 1502 1090 1584 hujusmodi
1111 1504 1230 1566 ozenias

205 1604 362 1680 scribere,
390 1603 466 1664 nihil
493 1603 595 1664 minus
625 1613 673 1665 est
699 1625 792 1685 quam
812 1604 962 1665 scribere.
1000 1606 1067 1666 Nec
1086 1624 1229 1687 unquam

202 1704 265 1769 t'am
289 1707 368 1768 male
396 1704 480 1766 sensi
511 1705 552 1766 de
582 1703 788 1777 Lutheranis,
823 1715 860 1764 ut
878 1703 1073 1784 suspicarer,
1101 1703 1228 1767 illorum

203 1827 393 1892 quemquam
412 1807 487 1867 tales
499 1805 715 1885 sycophantias
730 1803 762 1865 in
775 1824 963 1885 quremquam
978 1805 1059 1866 velle
1073 1803 1227 1867 scribere.

201 1909 271 1972 Neo
292 1908 352 1989 ipsi
370 1907 514 1968 Luthero
534 1916 614 1988 puto
640 1926 691 1967 me
713 1915 772 1964 tam
791 1922 860 1966 esse
881 1902 1036 1979 invisum,
1068 1916 1104 1965 ut
1132 1908 1227 1968 talem

200 2005 339 2073 llbellum
358 2008 391 2069 in
411 2025 459 2068 me
478 2005 627 2087 scriptum
643 2002 807 2085 approbet.
846 2007 1043 2088 Quamquam
1063 2005 1090 2066 si
1108 2026 1227 2087 appro-

200 2109 307 2184 baret,
339 2108 422 2169 haud
445 2125 638 2189 magnopere
657 2124 868 2167 commovear.
919 2109 982 2168 Sed
1001 2107 1122 2169 Metius
1141 2108 1227 2170 inte·

200 2209 260 2274 rim
282 2189 499 2291 conquiesco,
526 2206 664 2267 intentus
685 2205 724 2265 ad
743 2218 892 2270 eventum
911 2205 999 2282 belli,
1029 2208 1146 2291 dignus
1167 2210 1225 2293 qui

200 2310 354 2372 dilaceror
382 2307 423 2368 ob
450 2305 624 2388 perfidiam.
674 2304 708 2366 si
739 2305 853 2384 dignus
885 2319 932 2367 est
957 2310 1057 2382 malo,
1079 2309 1225 2392 quisuis

200 2409 362 2476 laboribus
386 2425 510 2488 suoque
532 2414 658 2485 sumptu
683 2406 787 2466 studet
811 2407 940 2489 utrique
958 2407 1036 2489 parti
1055 2411 1222 2488 prodesse,

200 2529 268 2597 quo
298 2507 425 2590 praemio
458 2506 573 2587 diguus
600 2515 662 2580 est,
696 2505 752 2586 qui
783 2505 848 2567 suis
883 2508 1065 2569 tumultibus
1098 2529 1223 2594 suaque

199 2608 328 2675 stultitia
348 2619 513 2688 utramque
532 2616 653 2687 partem
671 2604 768 2679 ladit,
802 2617 833 2666 et
851 2607 930 2668 hano
950 2607 1092 2683 irritans,
1125 2633 1223 2693 quam

199 2728 265 2793 non
293 2710 393 2792 possit
418 2727 636 2788 compescere,
673 2715 706 2766 et
735 2706 862 2767 alteram
890 2707 1007 2769 invidia
1031 2711 1221 2793 degravans,

90 2796 96 2809 ’
198 2811 263 2875 imo
284 2809 466 2895 gravissime
484 2808 600 2870 laedens
616 2827 701 2880 eam,
718 2805 768 2866 cui
787 2806 896 2870 lavere
914 2829 948 2870 se
967 2810 1074 2890 jactat,
1094 2823 1126 2873 et
1145 2813 1223 2874 sub-

197 2914 304 2977 levans
331 2933 414 2987 eam,
446 2907 536 2988 cujus
558 2927 592 2968 se
627 2909 796 2987 profitetur
813 2911 962 2973 bostem?
991 2913 1060 2974 Nee
1078 2914 1220 2977 consisto

196 3012 321 3075 interim
342 3010 483 3084 otiosus,
506 3019 544 3070 ut
563 3008 614 3071 ille
633 3007 767 3084 Metius,
802 3011 859 3072 sed
878 3013 1010 3091 perenni
1029 3015 1135 3075 studio
1156 3035 1221 3097 qua
1294 3002 1296 3007 ³

196 3113 270 3174 licet
288 3134 355 3174 rem
374 3109 597 3192 Evangelicam
615 3109 770 3191 proveho.
808 3110 958 3193 Pugnent
976 3115 1127 3193 juvenes3
1153 3136 1217 3198 ego

85 3217 90 3227 '
195 3211 257 3292 jam
277 3233 327 3274 me
347 3213 385 3274 ad
406 3231 478 3273 eum
499 3210 583 3273 die'm
607 3228 782 3288 compono,
814 3212 871 3294 qui
897 3231 948 3274 me
972 3214 1046 3276 binc
1070 3217 1219 3278 evocabit

196 3315 237 3376 ad
257 3312 391 3375 tribuual
412 3309 545 3385 Christi,
566 3310 632 3395 qui,
653 3310 775 3372 tametsi
804 3311 880 3373 nulli
899 3333 965 3375 non
984 3325 1138 3377 venurrus
1158 3329 1217 3395 est,

195 3410 300 3478 tamen
318 3414 393 3476 mihi
412 3433 486 3474 sane
505 3415 617 3493 procul
632 3412 741 3474 abesse
759 3432 824 3473 uon
840 3424 954 3492 potest.
981 3414 1099 3490 Video,
1117 3438 1219 3498 quan·

194 3510 233 3579 tis
264 3515 345 3578 odiis
375 3514 564 3598 quantisque
583 3511 735 3574 conviciis
766 3533 817 3574 res
838 3513 951 3594 agitur.
990 3514 1215 3580 Difficillimum

195 3628 256 3694 est,
281 3617 363 3679 inter
381 3618 445 3678 haec
464 3627 573 3677 tenere
592 3612 845 3696 tranquillitatem
864 3612 946 3675 illam
966 3616 1061 3678 animi
1082 3617 1216 3680 Christi·

195 3719 257 3784 ani.
296 3719 381 3781 Dum
400 3718 601 3797 paraphrases
627 3714 778 3788 meditor,
812 3714 915 3775 sentio
940 3717 1089 3798 componi
1108 3729 1214 3781 motus

194 3804 288 3883 animi
316 3820 396 3893 mei,
423 3837 538 3900 meque
566 3815 687 3893 meipso
716 3813 785 3876 lieri
815 3815 987 3877 meliorem.
1025 3820 1067 3878 Et
1086 3831 1160 3880 sunt
1179 3818 1213 3881 in

193 3931 327 4002 utraque
347 3930 451 3998 parte,
484 3917 539 4001 qui
559 3917 633 3979 mihi
654 3916 769 3998 gratias
789 3924 896 3996 agant,
917 3920 1119 3995 prolitentes,
1140 3941 1213 3982 sese

193 4040 235 4081 ex
263 4019 309 4081 his
340 4018 455 4099 vigiliis
488 4016 563 4080 meis
589 4010 703 4098 capere
728 4015 876 4076 trucium.
933 4017 1064 4080 Fatetur
1090 4031 1121 4082 et
1151 4022 1213 4083 hoo

192 4121 371 4195 Huttenus,
392 4139 477 4194 esse,
500 4118 588 4201 quod
613 4114 726 4197 majori
750 4135 822 4174 oum
841 4115 947 4178 fructu
966 4120 1084 4199 possim
1104 4141 1211 4203 agere,

192 4240 284 4307 quam
318 4219 346 4282 si
376 4218 508 4280 scribam
540 4218 693 4280 adversus
718 4216 911 4292 Lutherum‚
943 4231 1037 4302 atque
1069 4224 1130 4283 hue
1159 4244 1210 4285 me

191 4324 345 4387 hortatur.
386 4316 454 4381 Cur
474 4318 572 4399 igitur
593 4321 654 4381 hoc
673 4328 817 4399 agentem
842 4318 953 4381 talibus
965 4322 1102 4402 epistolis
1113 4322 1211 4384 inter-

192 4422 309 4508 pellat?
342 4420 638 4504 Tergiversatorem
658 4438 707 4482 me
727 4428 836 4496 vocat,
866 4422 955 4501 quod
975 4423 1079 4486 uarius
1099 4426 1157 4487 sim
1175 4425 1210 4486 in
