2618 5108
415 807 520 882 Bulla
567 809 755 908 Dialogus.

526 1003 652 1066 Bulla.

152 1105 260 1167 Tene!
318 1161 320 1163 ,

492 1204 699 1268 Libertas.

150 1305 299 1369 Vestram
321 1307 434 1381 fidem,
456 1306 623 1370 Germani!
651 1303 783 1369 Arrxilio
808 1317 875 1368 este
894 1305 1002 1368 cives!
1030 1302 1102 1364 Eri·

74 1405 139 1487 pite
161 1407 318 1471 aslssictaru
346 1408 542 1471 lrlrertstcm!
570 1405 690 1491 Ecquis
717 1407 877 1490 suppetias
896 1407 990 1468 audet
1016 1404 1102 1466 ferre

73 1508 179 1572 mihi?
208 1509 330 1590 Ecquis
357 1531 435 1572 rere
453 1509 534 1572 liber
554 1511 632 1573 est?
666 1510 786 1593 Ecquis
813 1511 947 1572 honesto
972 1504 1102 1570 studet?

75 1631 203 1692 aequum
217 1610 333 1692 diligit,
353 1611 496 1675 lraurlcm
510 1611 593 1688 odit,
615 1612 663 1676 las
676 1623 773 1686 emat,
793 1603 1103 1692 scelusdetcstatur?

73 1711 196 1794 Ecquis
218 1731 295 1774 vere
315 1714 492 1777 Germanus
516 1711 591 1777 est?

483 1816 701 1878 lluttenus.

150 1914 228 1976 Hae
247 1935 402 1990 mevox,
433 1913 526 1997 cujus
546 1926 615 1991 est,
649 1924 772 1976 evocat.
811 1911 920 1995 Atque
940 1908 1037 1994 igitur
1057 1910 1103 1971 si·

75 2014 178 2089 debe,
208 2015 287 2097 quid
313 2036 420 2077 rerum
444 2015 524 2078 loris
550 2015 599 2079 sit.
645 2015 798 2078 Proiecto
825 2011 953 2075 libertas
980 2012 1101 2093 agitur,

75 2126 228 2199 quantum
260 2115 367 2177 audio.
418 2118 595 2180 Excurram
622 2137 732 2198 ocyus.
778 2111 864 2196 Quid
891 2109 942 2180 hie
968 2107 1103 2196 agitur?
1147 2167 1155 2180 .

75 2218 155 2302 Quis
177 2234 240 2292 est,
273 2216 344 2302 quis
367 2209 507 2280 clamat?

487 2319 693 2382 Libertas.
730 2351 733 2359 ·

150 2421 298 2484 Libertas
319 2420 526 2504 opprimitur,
547 2423 702 2484 lluttcnc!
732 2419 802 2497 lpsa
833 2441 897 2504 ego
918 2440 1007 2492 suun
1034 2414 1103 2498 ipsa

75 2524 186 2585 clamo.
218 2525 294 2585 llree
315 2523 453 2598 illucet,
477 2543 547 2605 crure
565 2541 616 2585 me
637 2521 802 2604 opprimit,
822 2518 980 2584 Decimi
1000 2521 1104 2582 Leo·

74 2621 135 2682 nis
157 2621 278 2682 Bulla.
306 2623 353 2682 Ea
372 2641 438 2683 non
459 2621 520 2684 alio
540 2623 660 2696 vincas,
681 2624 873 2705 pluteosque
892 2619 974 2704 agit,
988 2640 1102 2705 ,qulam

75 2732 109 2783 ut
141 2721 293 2786 irretitam
312 2741 363 2784 me
383 2733 511 2798 teneat,
534 2721 650 2785 deinde
670 2723 853 2806 strangulet.

436 2902 444 2913 υ
489 2823 710 2886 llnttcuus.

76 2963 90 2983 .
149 2922 204 2989 Dii
233 2922 365 2998 melius,
404 2933 499 3008 quam
531 2913 585 2986 liat
615 2926 729 2989 horum
758 2921 940 3010 quiequam.
976 2918 1102 2986 Verum

74 3023 153 3110 quid
174 3036 211 3088 tu
229 3023 321 3087 bulla
341 3025 484 3088 ostendis
504 3024 596 3100 milri,
626 3046 720 3108 quam
739 3036 860 3111 pestem
881 3023 1043 3089 nuncias‘?
1137 3101 1140 3108 Ι

489 3123 692 3189 Libertas.

146 3225 241 3287 Hanc
259 3226 381 3290 Bullam
404 3223 455 3307 ajo
478 3228 645 3309 pellacem,
673 3227 908 3310 impostricem,
926 3229 989 3292 lruc
1008 3225 1102 3289 mise·

73 3340 148 3391 runt
165 3326 254 3408 impii
272 3315 485 3404 Romaniste,
513 3328 669 3405 venefici,
695 3329 921 3407 fascinatores,
952 3351 1021 3413 qua
1041 3347 1100 3390 vos

74 3451 183 3492 omncs
204 3430 236 3491 iu
256 3430 442 3493 servitutem
474 3431 596 3513 adigat,
624 3449 675 3494 me
694 3431 832 3494 vinctam
851 3425 984 3513 jugulet.
1023 3428 1100 3494 ttae

72 3543 139 3608 est,
173 3531 234 3592 hoc
256 3531 369 3614 agitur.
720 3515 725 3533 ⁹

473 3632 698 3694 liuttenus.

145 3732 244 3812 Quod
262 3731 411 3815 equidem
422 3731 520 3794 miror
541 3732 660 3794 audere
677 3752 877 3816 quemquam.
912 3735 1021 3818 Atque
1040 3733 1099 3819 tgi.

72 3842 122 3894 tur
139 3831 232 3913 cujus
255 3833 391 3896 audaciae
416 3854 469 3907 cs,
490 3833 596 3907 Bulla,
619 3852 688 3916 que
708 3831 884 3896 libertatem
902 3837 1098 3919 aggrederis,

71 3944 102 3996 ct
127 3933 304 4016 despicatui
323 3934 418 3997 habes
441 3953 558 3997 nomen
582 3933 824 4014 Germanicum,
855 3957 915 4003 nec
932 3937 1100 4004 temeritati

67 4034 200 4097 modum
220 4033 355 4098 statuis?

518 4136 650 4199 BuHa

152 4236 218 4300 Ain
235 4256 317 4302 vcro

470 4339 693 4412 Huttenus.

154 4422 223 4506 ajo
243 4425 383 4513 inquam.
