2618 5108
136 840 183 907 22
366 831 409 905 lu
434 831 639 905 Lutherutn
663 830 767 904 Bulla
791 829 940 904 Leonis.

137 1046 229 1089 rores
249 1024 427 1105 respective
446 1023 473 1100 a)
493 1045 587 1106 quam
607 1020 670 1086 sint
687 1021 849 1103 pestiferi,
871 1041 967 1106 qnam
986 1022 1170 1105 perniciosi,

140 1138 234 1202 qumn
255 1116 445 1193 semidalosi,
477 1132 573 1200 quatu
599 1115 722 1198 piarum
752 1131 785 1181 et
811 1114 996 1201 simplicium
1019 1115 1172 1182 mentium

144 1239 372 1257 mun—a-

211 1330 356 1394 damnes,
376 1344 446 1384 cum
465 1329 528 1382 hoc
546 1326 650 1401 paucis
668 1324 826 1398 potueris?
854 1326 975 1397 Nempe
995 1326 1019 1382 si
1038 1326 1174 1381 breviter

213 1424 242 1467 et
261 1429 322 1467 nno
344 1413 442 1467 verbo
462 1412 576 1468 dixeris
595 1411 677 1481 quod
702 1410 739 1464 ab
767 1412 819 1468 illo
842 1413 972 1478 graviter
994 1411 1100 1465 accidit
1118 1410 1174 1467 tibi

211 1497 279 1568 quia
300 1498 485 1565 tyrannidem
506 1507 586 1553 tuam
609 1496 809 1566 oppugnavit,
830 1496 871 1550 ob
887 1496 976 1565 idque
991 1512 1058 1552 esso
1078 1496 1174 1553 hore*

211 1583 326 1647 ticum,
357 1591 386 1639 ct
404 1583 500 1652 siquid
521 1581 666 1642 haeretico
687 1581 771 1650 pejus
791 1581 888 1642 adhuc
907 1590 964 1637 ost.
1004 1581 1081 1637 Nam
1102 1582 1175 1637 alio,-

211 1666 440 1736 rmnvquicquid
461 1678 522 1733 ost,
549 1666 636 1720 facile
661 1663 690 1719 iu
717 1664 767 1718 illo
789 1666 878 1722 feres.
916 1667 956 1722 At
984 1682 1058 1720 vero
1081 1667 1175 1739 opera

212 1764 253 1805 tet
273 1766 301 1805 te
324 1751 517 1810 considerare
536 1747 668 1815 interim,
689 1749 781 1806 stater
795 1748 880 1816 Leo,
901 1765 940 1803 ex
961 1748 1061 1804 olliclo
1080 1766 1118 1805 ue
1138 1750 1175 1802 sit

212 1847 286 1900 tito,
324 1835 497 1906 opprimere
518 1850 552 1887 ao
573 1833 711 1887 iraatdare
737 1833 765 1886 in
784 1835 905 1901 negotio
924 1835 1173 1902 maciomanum

209 1932 372 1992 propterca
404 1921 486 1990 quod
513 1919 594 1972 ultor
622 1928 666 1971 est
691 1919 846 1975 {Dominus
878 1920 915 1974 de
945 1919 980 1973 iis
1018 1918 1172 1973 omnibus.

217 2007 318 2081 ipsum
338 2005 458 2074 quidem
484 2003 652 2058 Lutherum
682 2003 796 2059 scimus
829 2022 892 2060 non
922 2020 1081 2064 cessurum
1109 2003 1174 2072 tibi,

212 2091 281 2160 quia
311 2091 452 2144 deserere
478 2088 652 2155 veritatem,
692 2105 782 2158 quam
803 2089 898 2149 seanel
928 2090 1175 2161 propugnandam

212 2174 363 2248 suscepit,
395 2183 493 2232 tantus
513 2172 628 2231 animus
653 2190 715 2227 non
743 2185 853 2243 potest.
890 2175 941 2230 Tu
964 2176 1086 2245 quidem
1112 2192 1176 2234 rne.

212 2269 264 2315 tuo
276 2299 285 2326 ,
317 2269 347 2312 ut
366 2258 496 2315 resistas,
535 2257 615 2331 Quid
635 2274 742 2328 possea
764 2256 843 2311 enirn
868 2269 974 2313 contra
993 2259 1176 2315 veritatem?

213 2342 387 2398 Praesertim
398 2381 407 2407 ,
427 2359 495 2398 cum
516 2357 604 2395 causa
624 2351 673 2396 tua
692 2349 752 2400 tola
771 2342 809 2395 sit
826 2357 866 2399 ex
885 2341 1045 2413 cupiditate
1067 2352 1095 2396 et
1114 2360 1177 2397 am.

213 2427 350 2482 bitionei
400 2430 440 2486 At
464 2427 549 2480 radix
578 2426 712 2480 omniunt
742 2427 891 2481 melorum
909 2427 1038 2497 (Paulus
1065 2427 1177 2499 inquit)

214 2526 258 2565 est
279 2511 441 2584 cupiditas:
473 2527 562 2581 quam
582 2511 701 2581 quidam
726 2524 900 2584 appetentes
927 2500 1177 2580 naufragaverunt

150 2633 153 2639 ·
215 2595 333 2663 elide,
366 2606 394 2648 et
425 2596 615 2651 inseruerunt
648 2614 680 2649 se
708 2597 867 2652 doloribus
886 2596 1000 2653 multis.
1037 2597 1177 2653 Gloriam

214 2698 288 2735 vero
309 2670 410 2737 mundi
433 2682 536 2749 fugere
548 2722 558 2749 ,
586 2690 616 2735 et
634 2697 756 2740 omnem
776 2691 950 2752 postergare
970 2680 1177 2749 ambitionem,

214 2766 348 2836 primum
379 2767 518 2821 Christus
544 2766 648 2820 docuit
675 2767 767 2820 lesui
788 2768 951 2837 exemplo,
980 2767 1030 2837 qui
1052 2782 1177 2835 regnum

216 2860 371 2906 aversatus
393 2864 455 2916 est,
484 2861 512 2904 ot
529 2851 662 2922 scipsum
682 2849 821 2919 inanivit,
848 2850 980 2907 formam
1001 2851 1081 2905 servi
1100 2851 1178 2904 acci.

214 2937 311 3007 piens.
349 2934 469 2989 Deinde
491 2935 629 3007 Apostoli
656 2936 776 3006 passim.
827 2935 931 2992 Nolito
950 2936 1072 3004 diligere
1091 2951 1178 2991 mun.

214 3022 304 3084 dum,
323 3018 460 3081 docunes
479 3019 573 3090 inquit
588 3043 624 3063 ····
636 3036 734 3090 noque
755 3036 808 3087 ca,
828 3037 894 3092 quae
914 3022 943 3074 in
962 3020 1077 3075 mundo
1097 3030 1176 3075 sunt.

215 3105 251 3162 Et
288 3104 397 3162 Paulus
432 3103 639 3176 Philippenses
677 3106 835 3172 erudiens,
876 3106 935 3165 ait:
979 3104 1100 3175 Nequid
1130 3104 1179 3159 fiat

212 3206 268 3265 per
294 3189 542 3257 contentionem,
574 3202 622 3248 aut
652 3208 707 3260 per
732 3191 850 3245 inanem
877 3189 1024 3257 gloriam,
1053 3189 1104 3242 sed
1124 3195 1180 3260 per

215 3273 413 3329 humilitatem
446 3275 535 3330 animi
576 3274 702 3346 quiaque
733 3291 765 3329 so
795 3274 1035 3346 prestantiorem
1077 3275 1179 3330 existi.

215 3371 287 3413 met.
342 3368 398 3429 tgc
425 3372 545 3427 autom,
579 3359 650 3430 quid
676 3359 793 3415 ambire
819 3358 872 3418 tibi
901 3359 930 3413 in
956 3361 1069 3417 saeculo
1098 3361 1178 3429 licet,

214 3460 305 3514 quem
327 3442 436 3498 Paulus
455 3446 693 3515 dispensatorem
710 3444 771 3499 Dei
791 3461 857 3499 case
872 3444 977 3513 jubet,
1010 3457 1038 3498 et
1056 3460 1180 3515 seques.

216 3538 296 3585 trare
317 3527 353 3582 ab
375 3544 407 3582 ae
433 3531 532 3585 omnia
554 3528 707 3584 secularia
726 3529 894 3584 desideria?
925 3527 1032 3582 Debes
1050 3538 1082 3582 tu
1103 3547 1178 3583 vcro

218 3615 393 3685 exemplum
421 3631 487 3671 esse
517 3614 649 3675 fidelium
674 3613 702 3671 in
727 3613 845 3680 verbo,
880 3611 908 3666 in
934 3613 1177 3682 conversatione,

218 3698 247 3754 iu
276 3699 355 3766 ilde,
390 3702 418 3756 in
447 3700 600 3761 castitate,
639 3708 705 3754 ante
736 3699 836 3752 omnia
865 3697 943 3754 viam
969 3696 1102 3751 veritatis
1128 3697 1181 3752 eli.

217 3800 301 3853 gere,
342 3789 381 3839 At
399 3787 494 3854 „viam
512 3784 645 3840 veritatis
664 3784 756 3853 etegit
776 3799 845 3845 cum
863 3782 1019 3839 Fulmina
1032 3782 1180 3847 (Ambio.

219 3869 282 3924 sius
310 3870 364 3938 ait)
394 3871 495 3927 dicere
527 3888 618 3926 nemo
645 3878 765 3942 potent,
800 3869 850 3939 qui
878 3867 1031 3921 secularia
1063 3880 1179 3921 concu.

217 3954 325 4026 placit,
362 3957 413 4027 qui
446 3956 624 4024 negotiatur.
683 3955 756 4010 Non
783 3963 829 4008 est
862 3953 942 4007 enirn
971 3952 1019 4006 via
1047 3951 1181 4006 veritatis

217 4040 348 4094 studium
379 4038 531 4109 habendi,
567 4034 712 4113 cupiditas
743 4038 916 4112 possidendi
939 4036 1181 4097 authonorhu.

213 4125 265 4195 jue
287 4123 406 4190 seculi,
441 4125 612 4183 sollicitudo
631 4126 745 4184 mundi.
781 4125 820 4180 Et
839 4125 867 4179 in
887 4124 1002 4190 Petro,
1024 4131 1058 4176 ut
1074 4119 1180 4190 dignos

217 4208 304 4265 fieret
330 4209 380 4280 qui
399 4209 511 4269 Christi
540 4226 615 4269 ovea
650 4220 809 4282 pasceret,
844 4210 918 4267 nihil
943 4208 1021 4265 aliud
1046 4205 1180 4277 quaesivit

218 4294 375 4362 Christus,
405 4310 494 4363 quam
513 4296 560 4350 aui
578 4312 726 4360 amonem,
769 4295 832 4377 Qui
849 4294 943 4367 qualia
960 4294 1017 4363 sit,
1042 4291 1180 4347 Joanncs

217 4379 318 4443 docet,
363 4377 462 4434 Filioli
500 4381 579 4450 inei,
609 4381 766 4454 iuquiens,
801 4380 1038 4448 nondiligamus
1071 4376 1180 4443 verbo,

215 4480 315 4537 neque
332 4463 448 4534 lingua,
472 4471 526 4528 aed
552 4483 646 4550 opere
669 4474 700 4530 ct
722 4465 858 4527 veritate.
903 4464 939 4524 lu
963 4463 1028 4521 hoo
1044 4462 1180 4532 agnosci.
