2618 5108
350 68 600 309 mr·
628 289 669 296 “-··
777 289 839 306 *tv-v
906 286 1015 306 -Ἷ-ιᾰι

145 774 217 859 alit
345 793 349 800 '
484 776 644 878 Spongia
665 777 807 855 Erosmi

140 989 241 1054 quam
259 986 323 1052 ego
349 969 560 1037 laudationem
585 972 777 1055 interpretor
801 970 1056 1037 admonitionem.
1080 967 1166 1051 8εῇ

143 1070 218 1135 lieet
239 1072 346 1154 potius
376 1084 442 1135 erat
472 1073 687 1149 ambiendum,
717 1084 754 1139 ut
776 1075 921 1137 laudarer
949 1073 989 1135 ab
1008 1072 1180 1139 Huttouo.⁴

143 1173 197 1237 An
217 1194 295 1236 vero
321 1174 405 1237 istud
430 1175 649 1256 prodigiosum
679 1187 744 1251 est,
772 1188 806 1239 ut
824 1175 1096 1247 laudemus-eum,
1121 1171 1165 1233 ad

145 1295 241 1357 quem
252 1273 441 1339 scribimus?
460 1277 517 1339 An
528 1275 645 1338 Paulus
659 1296 723 1337 non
733 1275 839 1339 laudat
849 1276 1022 1348 Romanos,
1043 1270 1164 1354 quibus

139 1374 278 1439 scribit?
299 1378 480 1452 „Erasmus,
501 1374 620 1458 inquit,
641 1377 786 1439 Romano
802 1375 951 1437 Pontilici
966 1394 1000 1434 se
1015 1370 1166 1435 dedidit.“

145 1476 256 1556 Quid?
277 1499 317 1540 sn
337 1496 476 1558 unquam
488 1477 548 1538 luit
566 1476 720 1539 internos
735 1476 868 1547 bellurn,
891 1487 926 1536 ut
943 1473 1063 1537 deditio
1079 1471 1167 1534 lacta

142 1576 202 1639 sit?
227 1578 280 1640 An
296 1599 362 1640 non
380 1593 470 1660 oeque
492 1577 616 1640 deditus
639 1597 724 1640 eram
748 1578 872 1651 Leoni,
906 1596 972 1637 non
995 1574 1165 1637 admodum

142 1677 269 1740 laudato
287 1678 463 1741 Pontifici?
485 1678 680 1752 „Polliceris,
700 1678 822 1762 inquit,
849 1688 879 1738 to
891 1697 960 1738 ¹non
980 1674 1165 1743 delaturum

141 1775 286 1856 dignitati
303 1779 389 1840 sedis
408 1779 585 1842 Romanam
624 1780 747 1841 Verum
774 1781 835 1865 hoc
857 1778 914 1840 illis
932 1775 1053 1851 scribo,
1077 1777 1166 1858 apud

142 1896 225 1961 quos
256 1877 377 1942 delatus
398 1901 498 1955 erem,
529 1901 600 1941 cum
620 1880 763 1942 Luthero
783 1879 980 1958 conspirasse
1008 1879 1163 1943 adversus

141 1979 251 2040 sedem
283 1981 469 2042 Romanam.
507 1981 560 2043 Au
599 1979 674 2042 ideo
706 1980 875 2061 polliceor,
909 1999 960 2040 me
993 1989 1164 2056 patronum

140 2078 544 2160 tyrannidimspacirnis,
565 2091 596 2142 et
615 2080 748 2142 aliorum
767 2081 936 2153 malorum,
959 2099 1028 2160 qirae
1047 2080 1165 2141 Ilutte·

140 2199 200 2241 nus
220 2178 331 2259 objicit
349 2178 630 2243 Romanensibus?
656 2181 724 2242 lino
744 2201 810 2241 non
831 2198 896 2240 uno
918 2179 951 2240 in
970 2181 1043 2240 loeo
1064 2178 1185 2243 inter-s

139 2288 267 2358 pretor,
300 2279 383 2341 sedis
409 2281 490 2342 illius
516 2299 553 2340 ac
583 2279 745 2343 Pontilicis
772 2278 955 2359 dignitatem
981 2280 1070 2341 sitam
1089 2301 1163 2344 esse

138 2375 175 2437 iu
194 2375 364 2440 virtutibus
384 2378 586 2457 Apostolicis.
637 2377 721 2440 Huic
754 2378 898 2458 (ligiritati
927 2380 1080 2457 polliceor
1110 2399 1163 2443 me

139 2495 206 2536 non
225 2475 418 2539 defuturum.
457 2478 509 2540 Ad
529 2478 778 2541 subvertendum
799 2479 1023 2560 Evangelium,
1055 2491 1091 2541 ut
1119 2478 1164 2543 ait

138 2579 316 2651 Huttenus,
339 2598 404 2640 uon
419 2578 565 2653 arbitror,
583 2601 773 2661 quemquam
787 2579 993 2655 Pontificem,
1011 2581 1164 2642 duntaxat

136 2677 244 2753 hunc,
272 2677 512 2756 imploraturum
543 2698 672 2758 operam
700 2692 854 2754 nostram;
888 2693 919 2741 et
948 2681 975 2741 si
1004 2680 1161 2759 exigeret,

137 2798 207 2842 non
236 2790 423 2860 praestarem.
479 2780 547 2840 Nec
574 2778 759 2863 cujusquam
787 2779 944 2857 Principis
971 2782 1022 2840 vel
1048 2791 1162 2857 metue,

23 2933 28 2941 .
138 2881 192 2943 vel
220 2880 321 2961 gratia
351 2891 470 2943 tantum
496 2880 580 2961 apud
610 2897 662 2942 me·
680 2877 795 2941 valebit
816 2900 971 2961 unquam,
1005 2890 1046 2948 ut,
1058 2879 1163 2940 sciens

117 2980 289 3066 ‚adversor
318 2980 516 3065 Evangelicae
559 2980 683 3043 veritati
716 2991 770 3041 aut
801 2982 908 3062 gloriae
944 2978 1071 3043 Christi.
1102 2981 1163 3041 *Et

137 3090 242 3142 tamen
252 3091 301 3142 est
311 3081 455 3159 alicujus,
476 3083 603 3162 opinor,
624 3081 807 3163 prudentiae,
828 3080 872 3142 sic
883 3083 966 3142 alere
977 3077 1163 3160 Principum

138 3176 301 3254 savorem,
330 3192 366 3242 ut
393 3202 458 3243 non
490 3184 617 3245 deseras
647 3181 868 3262 Evangelicam
895 3181 1069 3242 veritatem.
1108 3182 1162 3257 Et,

140 3281 207 3345 utri
239 3279 355 3343 rectius
394 3284 612 3349 consuluerint
643 3284 837 3363 Evangelico
869 3282 1018 3363 negoti0,
1055 3302 1164 3345 rerum

138 3382 244 3447 exitus
271 3383 500 3460 comprobabit.
564 3384 625 3446 Sed
655 3383 780 3445 interim
806 3382 938 3462 obliquo
964 3382 1049 3442 dicto
1075 3381 1163 3457 lello,

84 3477 88 3484 ’
107 3515 109 3518 ·
139 3483 228 3566 quod
247 3482 391 3564 plerique
411 3483 455 3543 sio
467 3484 730 3562 interpretentur,
751 3503 801 3544 me
814 3482 1045 3543 vindicaturum
1056 3481 1162 3546 Curiae

137 3585 290 3648 Romanoa
304 3581 355 3663 jus
371 3584 557 3646 exercendae
571 3583 760 3662 tyrannidis,
782 3581 939 3662 rapiendi,
961 3579 1162 3659 conponendi

137 3706 226 3748 sacra
246 3683 363 3763 pariter
388 3704 424 3744 ac
443 3684 587 3762 profana.
619 3686 676 3753 ¹ln
703 3684 882 3747 discrimine
910 3685 981 3744 licet
1010 3683 1162 3764 anrbiguo

137 3785 257 3850 fallere.
294 3795 407 3851 David
432 3785 524 3847 etiam
551 3787 692 3848 furorem
712 3782 877 3847 simulavit.
915 3786 956 3844 Et
977 3795 1096 3858 tamen,
1120 3804 1162 3848 ne

139 3885 211 3971 quis
231 3886 295 3947 salli
309 3886 423 3965 possit,
445 3886 654 3966 interpretor;
674 3885 795 3959 scribo,
820 3904 870 3944 me
892 3904 957 3950 non
976 3884 1163 3956 defuturum

45 4045 47 4048 ,
139 3987 209 4052 sedi
231 3990 399 4061 Romanae,
429 3987 456 4049 si
487 3988 536 4049 illa
557 4007 622 4048 non
642 3986 722 4048 desit
742 3985 848 4066 gloriae
870 3983 1006 4061 Christi;
1038 4006 1088 4046 me
1117 3983 1162 4047 illi

138 4108 199 4170 pro
227 4087 311 4149 virili
341 4087 541 4162 adiuturum,
575 4087 602 4148 si
632 4087 681 4147 illa
710 4084 841 4148 sinceris
874 4085 1049 4146 rationibus
1083 4106 1160 4163 pro-

139 4190 256 4251 vehere
276 4188 391 4250 nitatur
410 4209 478 4250 rem
497 4188 729 4269 Evangelicaun.
775 4183 969 4264 Hujusmorli
989 4206 1061 4246 curn
1081 4187 1161 4248 mul-

139 4290 178 4354 tis
203 4290 281 4351 locis
307 4289 477 4365 inculcem,
510 4300 613 4351 tamen
648 4289 821 4350 dissimulat
850 4289 1018 4347 liuttenus.
1075 4287 1161 4347 Tan·

139 4403 204 4456 tum
224 4400 355 4479 venatus
377 4400 425 4452 est
442 4390 690 4474 loca·quaedam,
720 4410 789 4470 quaa
819 4387 1023 4466 (lopravarct3
1050 4407 1161 4468 quomo
