2618 5108
94 66 566 271 ,arva-*fw-
610 244 628 255 θ

336 747 518 825 adversus·
537 747 776 847 adspergines
798 748 963 827 Hutteni.
1012 755 1059 871 τέ·
1097 750 1166 830 ill
1221 829 1225 836 ,

154 936 253 1023 gratia
280 939 401 1022 polleas
423 941 508 1022 apud
534 940 675 1004 eruditos
701 939 889 1006 Germanos·
925 943 1055 1026 Adjuvs
1071 943 1173 1028 igitur
1283 992 1288 1005 .

153 1052 282 1103 nostros
314 1050 446 1101 conatus
477 1038 511 1101 in
543 1039 749 1121 opprimenda
780 1044 1030 1122 pestilentissima
1059 1044 1171 1109 heresi

154 1140 351 1216 Lutherana,
369 1140 487 1202 laturus
506 1139 628 1202 anobis
644 1139 831 1220 amplissima
847 1144 896 1208 tui
911 1145 1004 1209 officii
1019 1142 1171 1225 pramis-⁸

153 1237 242 1320 Quid
270 1237 321 1300 hic
351 1237 607 1317 respondissem?
638 1241 747 1403 „ly
768 1254 877 1318 vacat,
906 1264 973 1305 non
999 1254 1171 1327 suppetunt

155 1339 240 1401 vires
262 1340 301 1400 ad
315 1337 349 1400 id
367 1341 594 1418 praestandum,
616 1360 681 1421 quo
722 1341 822 1424 exigit
833 1344 904 1405 'fua
918 1342 1095 1426 Maiestas?
1114 1343 1169 1407 Ille

153 1450 300 1520 urgercts
330 1439 438 1521 „Quid
464 1438 585 1517 possis,
614 1439 741 1503 abunde
769 1441 929 1524 cognitum
948 1444 1098 1507 habemus
1127 1464 1169 1517 er

151 1538 253 1602 ‹loctis
273 1537 365 1613 viris3
393 1559 540 1622 rogamus
560 1558 596 1600 sc
615 1541 778 1615 volumus,
805 1554 841 1604 ut
858 1545 916 1607 hac
938 1544 972 1606 in
990 1563 1026 1606 re
1048 1563 1170 1607 morem

152 1661 244 1721 geras
265 1639 371 1701 animo
391 1650 521 1714 nostro,
541 1639 632 1701 simul
652 1651 685 1700 et
702 1660 721 1701 a
739 1640 834 1705 nobis
854 1640 947 1705 inibis
967 1643 1117 1727 gratiam,
1135 1653 1170 1706 et

153 1749 185 1801 te
204 1738 281 1802 falsa
299 1739 480 1818 suspicione
499 1736 663 1813 liberabis,
692 1759 763 1821 quaa
781 1751 813 1802 te
831 1762 898 1804 non
917 1745 1013 1806 semel
1032 1742 1094 1823 jam
1113 1744 1170 1807 de·

151 1839 231 1914 tulit,
252 1839 409 1901 fautorem
429 1859 498 1901 esse
513 1840 699 1900 Lutheranse
717 1838 909 1919 impietatis!
927 1843 1075 1906 Hiemihi
1094 1865 1170 1927 sug·

152 1947 242 2018 gerat
270 1939 448 2013 Huttenus,
476 1937 556 2020 quid
578 1949 662 2015 esset
687 1941 963 2019 respondendum!
995 1943 1029 2006 si
1047 1943 1168 2025 pollici·

153 2047 205 2100 tns
223 2036 354 2099 fuissem
378 2058 429 2100 me
453 2037 627 2115 facturum,
656 2040 802 2103 omnibus
829 2042 1029 2122 posthabitis,
1056 2041 1169 2109 fuisset

152 2139 309 2220 tragoediae
335 2139 551 2214 serviendum,
570 2151 697 2202 coactus
716 2140 916 2204 fuissem-me
934 2141 1074 2223 prebere
1091 2142 1170 2205 scri·

150 2238 224 2302 bam
251 2238 418 2302 Monachis
447 2238 633 2320 quibusdam
652 2259 689 2300 ac
716 2240 905 2322 Theologis,
933 2261 1016 2323 quos
1037 2239 1168 2306 nimium

148 2341 248 2415 novi3
277 2360 337 2402 nec
363 2339 500 2401 licuisset
519 2340 658 2401 scribere
677 2341 900 2420 paraphrases,
933 2341 1075 2424 aliaque,
1097 2363 1168 2425 qun

148 2460 255 2522 spero,
274 2460 340 2501 non
358 2439 432 2500 huic
449 2448 568 2502 tanturn
585 2442 698 2502 sacculo
714 2440 891 2520 profutura.
929 2440 984 2502 Sin
999 2461 1169 2523 pernegas-

151 2562 234 2617 sem,
265 2539 474 2620 conjecissem
497 2559 550 2602 me
572 2538 674 2620 ipsum
703 2539 738 2600 in
762 2542 889 2602 aculeos
907 2539 1115 2615 crabronum,
1135 2550 1169 2602 et

148 2623 193 2705 in
209 2641 404 2704 manifestam
430 2639 613 2721 perniciem.
663 2641 737 2719 Quo
764 2658 815 2700 nie
839 2637 1088 2720 proripuissem?
1112 2639 1167 2701 Ad

148 2762 251 2806 arcem
272 2739 429 2804 Hutteni?
456 2741 509 2804 Ad
536 2736 809 2820 Wittenbcrgam?
836 2737 900 2800 Sed
919 2736 975 2799 ubi
992 2737 1166 2812 fortunula,

149 2863 220 2924 quae
236 2841 309 2903 mibi
329 2840 487 2921 perisset?
506 2840 582 2902 Haec
602 2849 692 2913 etas,
711 2839 778 2900 bec
795 2836 942 2907 valetudo
960 2857 1028 2899 non
1046 2837 1165 2917 patitur

112 2928 114 2932 ¹
147 2963 199 3007 ma
223 2942 336 3022 rogari
370 2951 402 3002 ct
429 2960 543 3019 egere,
568 2960 634 3002 non
655 2932 776 3019 'patitur
802 2936 922 3001 latitare
947 2957 986 2999 ac
1013 2933 1164 3021 fugitare.

147 3042 243 3106 Nunc
262 3043 303 3105 ita
321 3061 391 3103 mea
410 3037 602 3119 temperavi,
622 3049 658 3100 ut
676 3056 736 3100 nac
754 3035 967 3122 inexplicabili
987 3038 1164 3121 labyrintho

146 3140 421 3217 meinvoluerim,
441 3160 502 3204 uec
517 3136 713 3203 desemcrim
727 3157 797 3202 rem
810 3136 1045 3220 Evangelicam.
1079 3138 1167 3203 Mibi

148 3242 298 3306 nondum·
311 3243 405 3322 plene
423 3248 565 3315 constat,
597 3258 639 3300 an
660 3238 776 3300 veritas
795 3238 988 3322 Evangelica
1000 3240 1162 3320 'sitpenes

144 3341 334 3406 Lutberum.
365 3339 465 3421 Quod
476 3337 505 3399 si
516 3337 549 3401 id
560 3347 682 3401 constet
695 3339 855 3416 Hutteno,
871 3339 942 3403 vesi
951 3337 1160 3414 tenacissimo,

144 3455 177 3507 et
203 3453 327 3525 paratus
356 3451 406 3503 est
423 3458 486 3518 pro
512 3438 594 3500 illius
619 3437 807 3502 defensione
833 3448 980 3502 mortem:
995 3451 1159 3520 oppetere,

144 3565 210 3609 απ.
221 3542 338 3626 fugitat
356 3561 393 3602 ac
411 3538 530 3603 latitat?
549 3540 611 3621 Eat
630 3538 783 3616 Romam}
800 3549 855 3603 ant
872 3538 977 3602 eat-in
995 3539 1162 3622 Galloger-

142 3646 294 3711 mnu:
334 3641 379 3705 ibi
410 3639 574 3722 continget
604 3650 728 3720 sperata
762 3640 872 3719 palma.
926 3638 1088 3703 Hactmrus
1115 3640 1160 3702 de

141 3745 237 3825 buius
255 3743 350 3808 animi
367 3740 595 3816 imbecillitate,
613 3760 709 3824 quem
726 3758 790 3824 ego
807 3758 880 3804 cum
895 3740 1006 3803 decem
1023 3741 1162 3805 fluitent

142 3843 252 3907 animis
271 3846 341 3926 plus
360 3863 453 3926 quam
463 3853 603 3910 Achillis
613 3843 712 3904 nolim
723 3851 912 3922 permutare.
940 3842 992 3905 De
1010 3853 1159 3905 constan·

141 3943 186 4007 tia
211 3965 281 4008 mea
313 3957 393 4026 puto
421 3947 484 4027 jam
510 3945 584 4010 satis
610 3944 737 4007 diuum.
781 3942 857 4004 Non
885 3952 934 4004 est
957 3940 1157 4009 umanum
1264 4005 1267 4010 .

142 4066 267 4128 semper
296 4048 405 4111 eadem
432 4045 539 4128 loqui,
564 4046 638 4110 sed:
663 4060 789 4123 semper
815 4041 929 4105 eodem
952 4042 1164 4121 permuderae

141 4149 202 4224 ,At
216 4168 287 4210 non
310 4148 401 4210 decet
420 4148 611 4210 namnum
628 4143 795 4207 velow
832 4141 1157 4223 Respondeat-igitar

140 4249 214 4313 inibi
232 4249 410 4323 Huttenus,
439 4268 512 4313 cum
536 4248 609 4311 bine
635 4246 751 4320 abiret,
769 4261 824 4304 :an
851 4253 938 4306 recta
962 4241 1155 4323 publicaque

141 4349 195 4414 ris
218 4348 403 4434 pervenerit
425 4347 651 4424 Miltbusium,
672 4355 705 4420 et
731 4363 772 4408 an
789 4340 1161 4409 cumton-miluum·
