2618 5108
373 824 596 902 Praedones
647 825 834 929 Dialogus.
1047 837 1126 916 'th

477 1021 735 1086 Franciscus.

171 1121 343 1203 Nunquam
356 1139 419 1204 ego
435 1121 565 1206 quidem
577 1122 623 1185 sic
635 1126 797 1202 locutum,
816 1134 931 1208 practer
943 1138 991 1207 te,
1013 1151 1124 1214 quem.

95 1221 181 1306 piam
210 1220 309 1284 vestri
339 1222 477 1300 ordinis,
512 1224 631 1289 audivi.
683 1228 808 1291 Verum
837 1239 941 1293 tamen
965 1230 1017 1294 dic
1036 1232 1123 1311 mihi,

92 1343 238 1406 uuquam
258 1321 371 1406 aliquis
391 1334 423 1386 te
443 1324 600 1407 predatus
620 1336 668 1389 cst
686 1326 821 1412 Eques?

505 1450 725 1515 Mercator.

168 1549 343 1631 Nunquam
363 1538 495 1633 aliquis,
515 1551 573 1614 sed
591 1551 681 1616 timui
700 1573 841 1635 semper,
862 1565 895 1619 et
913 1555 1048 1620 infestos
1069 1559 1122 1621 ha·

90 1648 174 1725 beo,
195 1649 287 1732 quod
305 1648 373 1712 vidi
395 1651 588 1733 exspoliatos
608 1675 627 1717 a
644 1653 738 1717 vobis
757 1657 891 1735 mtdtor,
911 1657 1045 1721 etfama
1064 1669 1122 1737 est,

86 1752 152 1816 hoc
172 1772 239 1814 vos
252 1752 357 1815 solere
376 1750 495 1817 iacere.

483 1879 510 1941 F
517 1880 740 1945 rauciacus.

168 1979 266 2061 Quod
286 1978 434 2063 equidem
452 1979 570 2057 miror,
591 1982 638 2045 his
657 1984 770 2046 talibus
789 1983 961 2048 maledictis
976 1984 1122 2051 ordinem

87 2081 177 2145 hunc
211 2081 369 2144 incessere
399 2093 448 2156 te,
476 2102 582 2166 neque
610 2105 737 2163 passum
764 2085 839 2147 inde
860 2084 932 2147 mali
951 2086 1123 2168 quidpiam,

86 2205 199 2268 neque
226 2194 369 2264 sumpto,
404 2182 466 2246 nisi
496 2204 538 2245 ex
565 2184 663 2259 iama,
694 2197 893 2268 argumento.
943 2188 1025 2249 Nam
1044 2189 1124 2272 quid

87 2308 157 2349 non
177 2284 317 2360 vereris,
339 2295 401 2346 tarn
421 2286 506 2347 nulla
525 2285 565 2349 de
586 2291 694 2360 cama,
725 2284 832 2348 ordini
850 2285 1022 2350 clarissimo
1043 2309 1122 2352 con·

85 2389 253 2452 tumeliam
282 2387 408 2461 iacere,
438 2397 535 2471 teque
554 2390 637 2449 ultro
670 2388 818 2450 odiosum
841 2387 995 2465 reddere,
1017 2411 1053 2451 ac
1074 2390 1124 2453 in-

86 2489 230 2556 festum?
263 2489 349 2568 Quin
369 2487 493 2569 potius,
527 2509 593 2550 non
613 2489 694 2550 adeo
721 2498 841 2551 temere
867 2490 967 2552 verba
992 2493 1124 2573 posthac

90 2590 244 2666 effundis,
275 2600 370 2672 atque
396 2590 488 2652 istam
518 2600 673 2669 temperas
698 2601 922 2671 praeposteram
953 2601 1040 2655 tuam
1073 2593 1122 2655 lo-

89 2692 207 2777 quendi
229 2692 414 2753 libertatem.
454 2676 586 2772 Semper
598 2689 699 2763 enim,
720 2700 751 2751 et
766 2688 798 2750 in
814 2689 960 2753 omuibus
979 2692 1120 2773 graviter
1214 2696 1217 2702 ’
1271 2695 1273 2700 ’

88 2793 252 2877 punienda
289 2793 351 2856 fuit
384 2792 503 2856 levium
529 2789 704 2853 verborum
727 2791 914 2872 procacitas.
969 2791 1034 2856 Sed
1057 2789 1123 2876 jam

86 2895 269 2971 ostendam,
292 2892 348 2978 qui
367 2893 431 2956 siut
450 2891 523 2957 alibi
543 2891 721 2972 praedones.

496 3018 717 3081 Mercator.

160 3117 257 3184 Prius
277 3119 319 3182 da
344 3119 485 3196 veniam,
516 3120 711 3198 imperator,
732 3115 825 3194 mihi,
856 3117 947 3202 quod
966 3138 1120 3200 peccava-

80 3221 144 3289 n'm
164 3221 198 3285 in
217 3233 249 3285 te
271 3223 334 3286 hic.
373 3222 454 3284 Nam
473 3218 628 3300 resipisco
648 3218 727 3300 jam,
749 3240 860 3284 errore
880 3218 1000 3302 agnito.

468 3344 727 3408 Franciscus.

161 3448 326 3533 Equidem
344 3449 405 3524 do,
426 3458 520 3530 atque
535 3445 561 3509 is
575 3445 670 3509 ctiam
686 3443 803 3509 redibit
816 3442 849 3509 in
865 3444 999 3529 gratiam
1015 3454 1120 3506 tecum

60 3544 245 3616 'Huttenus
255 3597 266 3629 ,
286 3551 314 3615 si
334 3571 384 3614 me
405 3546 504 3611 audit.
894 3549 898 3556 “

488 3672 710 3735 Huttenus.

156 3776 285 3851 Audio,
305 3776 344 3838 'et
364 3774 410 3837 sic
430 3774 591 3856 agendum
610 3772 704 3836 nobis
724 3782 824 3855 puto,
852 3768 1011 3855 siquidem
1030 3786 1117 3855 posa-

78 3877 141 3942 trac
159 3877 350 3960 temperabit
368 3875 429 3939 iste
449 3873 519 3939 sibi.

492 3996 711 4062 Mercator.

161 4075 376 4161 Temperabo.

474 4184 502 4245 F
511 4185 731 4246 ranciscus.

154 4284 260 4370 igitur
279 4297 420 4370 quatuor
442 4284 571 4349 suntin
592 4282 762 4347 Germanici
783 4282 969 4366 praedonum
989 4288 1118 4365 genera.
1167 4360 1170 4367 Ι

491 4410 713 4474 Mercator.

156 4486 417 4576 Audire'gestic.
529 4487 531 4490 ’
