2618 5108
132 836 199 912 122
467 836 640 914 Monitor
676 837 825 936 primus.

538 1032 755 1094 Lutherus.

206 1131 281 1215 Qua
299 1135 370 1194 mea
389 1131 505 1214 eulpa?
526 1133 578 1195 An
596 1152 727 1213 possum
746 1132 822 1194 dare
840 1133 899 1194 hoe
919 1152 981 1214 ego
997 1129 1158 1206 Pontifici,

132 1233 225 1318 quod
244 1232 389 1297 Christus
416 1254 483 1295 non
502 1233 608 1305 dedit,
636 1233 700 1296 imo
730 1233 819 1316 quod
838 1235 933 1294 multa
951 1252 1160 1313 praemonens,

130 1353 175 1397 rte
194 1355 334 1416 unquam
361 1334 395 1396 in
424 1345 578 1416 quaestum
606 1344 747 1396 vertatur
767 1337 881 1413 pietas,
911 1333 1024 1394 ademit
1045 1330 1161 1395 etiam?

133 1455 205 1518 que
234 1432 353 1516 jactura
382 1446 486 1498 autem
518 1434 704 1499 Christianae
739 1433 939 1516 reipublice,
974 1433 1038 1493 imo
1066 1430 1162 1514 quod

131 1555 200 1598 non
218 1536 363 1599 solatium
382 1547 413 1598 et
431 1537 652 1611 commodum,
673 1536 700 1599 si
720 1547 785 1598 tota
804 1536 862 1598 ista
882 1535 976 1597 ouriae
996 1535 1076 1596 illius
1095 1536 1162 1594 ool·

132 1638 251 1713 luvies,
283 1658 350 1699 non
375 1637 493 1700 esuriat
521 1648 658 1712 tantum,
690 1638 747 1700 sed
769 1636 854 1698 same
884 1635 977 1697 etiam
1006 1631 1163 1696 intereat?

132 1737 209 1800 Non
236 1738 311 1800 lieet
338 1737 413 1801 milti
450 1741 569 1800 (locere
609 1738 708 1812 aliud,
742 1759 836 1820 quam
865 1758 883 1799 a
909 1735 1058 1818 magistro
1088 1753 1162 1795 meo

133 1837 264 1903 cbristo
283 1838 397 1917 didici,
425 1852 480 1905 aut
499 1839 637 1910 eeclesiae
657 1838 739 1907 illius
761 1859 855 1928 quam
875 1839 1045 1919 prodesse,
1071 1833 1163 1919 quod
1203 1859 1206 1866 ·

133 1958 216 2008 sero.

551 2053 744 2116 Munitor.

211 2150 284 2214 Tuo
310 2152 344 2216 id
362 2154 517 2234 periculo.
556 2155 621 2217 Sed
638 2156 760 2227 Butler,
793 2151 849 2234 qui
870 2162 932 2213 tarn
950 2149 1165 2213 irreverenter

136 2251 270 2332 aecipie,
304 2251 382 2336 quid
402 2254 634 2330 Decretalibus,
669 2277 738 2338 que
759 2264 832 2316 sunt
851 2264 882 2314 et
900 2253 975 2332 ipsae
993 2252 1165 2314 conflatum

134 2370 180 2415 ex
198 2352 312 2429 Bullia,
333 2363 366 2414 et
384 2352 576 2419 Pontificum
595 2356 755 2438 rescriptis
775 2374 911 2435 corpus,
931 2350 1049 2416 iacies?

544 2480 764 2544 Lutherus.

134 2592 138 2604 ’
213 2575 372 2660 Magnum
399 2577 564 2661 quiddam,
595 2581 622 2644 si
654 2582 861 2663 persuadeam
889 2579 1104 2663 principibus,
1133 2590 1167 2642 et

135 2679 258 2759 populo
280 2677 477 2753 Christian03
508 2701 622 2762 nempe
641 2692 676 2742 ut
697 2693 886 2757 exurantur,
922 2694 953 2744 et
982 2680 1167 2743 aboleantur

135 2777 280 2863 penitus,
301 2801 369 2871 uon
390 2780 547 2858 tamilla,
568 2803 664 2865 quam
681 2782 868 2845 universum
887 2781 938 2858 jus
952 2781 1168 2846 pontificium.

138 3006 145 3017 ’
214 3006 313 3090 Quod
332 3004 491 3090 piaculum
511 2909 937 3072 augilo‘l?¹¹}zrbontfficium
953 3019 991 3072 tu
1003 3005 1170 3072 abolebis?

546 3119 765 3183 Lutherus.

101 3199 103 3203 Α
215 3215 393 3305 Equidem,
415 3217 444 3283 si
463 3238 601 3299 possum.

636 3365 657 3404 n
746 3389 755 3406 .

216 3439 271 3504 Dii
289 3439 479 3522 prohibeant
498 3456 535 3504 ut
554 3343 746 3507 dbtinebbdr
759 3443 823 3505 Sed
848 3463 943 3524 quam
971 3439 1015 3503 ob
1034 3460 1170 3518 causam,

140 3552 190 3605 tot
204 3542 332 3625 piorum
345 3543 538 3607 Pontificum
554 3545 751 3627 sartationes,
772 3555 820 3605 tot
835 3554 1017 3607 sanctorum
1028 3542 1172 3607 virorum

141 3639 269 3711 decreta
281 3641 298 3712 ’,Ρ

555 3754 771 3817 Lutlrerue.

218 3850 302 3932 Quia
321 3852 507 3915 traditiones
528 3855 691 3917 hominum
716 3874 788 3917 cum
810 3855 890 3930 sint,
922 3863 955 3916 et
973 3851 1042 3915 sine
1063 3850 1101 3915 iis
1122 3852 1172 3914 vi·

137 3968 220 4014 ¹aere
238 3962 327 4014 reete
346 3952 454 4028 liceat,
486 3953 580 4016 etiarn
609 3954 714 4030 beari,
748 3965 902 4037 preterea
921 3952 1020 4037 siquis
1039 3953 1173 4037 propius

139 4047 318 4130 intueatur,
340 4054 463 4118 lucrum
483 4076 615 4138 quoque
635 4059 758 4133 oleant,
779 4067 811 4117 et
822 4056 1028 4119 ambitionem
1041 4057 1173 4137 sapienta

141 4170 237 4236 supra
256 4154 318 4218 Dei
338 4165 442 4219 tamen
462 4159 606 4231 mandata
626 4160 808 4223 extttlerunt
827 4177 880 4233 se,
901 4168 933 4218 et
953 4177 1034 4219 onus
1054 4157 1175 4239 injece.

141 4263 217 4317 runt
235 4256 376 4319 fidelium
395 4257 535 4321 humeris
556 4258 765 4340 importabile.
803 4261 845 4321 Et
863 4280 934 4341 que
948 4255 1094 4319 Christus
1107 4277 1174 4319 non

140 4354 224 4419 levia
243 4367 382 4433 tantum,
404 4359 462 4421 seri
483 4357 623 4440 jucunda
643 4363 736 4423 etiam
755 4358 942 4441 proposuit,
962 4357 1003 4419 ad
1023 4377 1174 4420 nauseam
1284 4392 1288 4401 ·

142 4477 268 4541 usque,
295 4469 328 4522 et
355 4459 464 4527 odium
493 4475 719 4544 aggravarunt.
766 4461 830 4523 Sed
856 4457 984 4522 tertium
1012 4461 1176 4538 responde
