2618 5108
276 787 453 861 adversus
477 780 718 882 adspergines
741 781 905 859 Hutteni.
1025 784 1102 866 litt

85 981 258 1046 verborum
278 981 448 1057 tumultur,
469 974 635 1063 quem-hie
654 978 770 1042 excitat
787 977 1113 1051 Hutteuus,·de'·sua¹·

86 1083 149 1145 leui
176 1083 401 1164 moderataque
434 1078 624 1161 scriptione,
654 1078 695 1140 de
722 1075 856 1141 mirabili
878 1079 929 1142 ills
958 1078 1106 1155 veritate,-

85 1181 177 1262 cujus
188 1182 316 1264 ubique
334 1178 549 1243 tenacissimus
569 1189 634 1254 est,
660 1179 701 1241 de
720 1200 789 1242 mes
806 1178 933 1242 levitate
951 1200 988 1240 ac
1005 1180 1101 1242 simu-

85 1281 223 1344 latione?
252 1283 412 1348 Huttenus
446 1300 497 1341 me
527 1290 639 1341 autore
671 1300 736 1340 nou
767 1279 861 1361 coepit
896 1299 965 1344 esse
1002 1280 1101 1349 hostis

86 1384 288 1443 Hochstrato.
325 1381 394 1443 Jem
413 1380 497 1441 enim
517 1379 754 1462 „Triumphum“
774 1378 807 1441 iu
838 1402 911 1442 eum
937 1379 1104 1462 scripserat

90 1493 257 1563 antequam
283 1503 333 1543 me
359 1480 508 1555 vidisset,
537 1491 591 1541 aut
619 1491 737 1542 nosset.
785 1481 859 1541 Hoc
883 1500 1010 1542 carmen
1029 1502 1101 1545 meo

88 1583 220 1644 consilio
241 1581 354 1662 pressit
371 1580 543 1643 biennium.
579 1580 623 1641 Et
641 1581 765 1642 interim
784 1601 834 1642 me
854 1581 895 1642 de
910 1580 1102 1644 Hocbstrato

88 1702 181 1766 quam
201 1682 393 1744 atrocissime
418 1682 600 1764 loquentem
626 1679 721 1754 iacit3
753 1679 920 1743 arbitratur
947 1682 1008 1743 hoc
1028 1681 1104 1744 artis

87 1804 167 1845 esse.
207 1783 270 1843 Sed
288 1781 466 1862 praestiterit
485 1792 555 1842 ante
577 1801 671 1863 quam
690 1781 730 1841 ad
750 1792 862 1842 caetera
881 1780 1010 1844 erimina
1029 1804 1104 1863 pro·

89 1882 234 1963 grediar,
264 1881 373 1962 paucis
401 1882 571 1942 admonere
596 1872 768 1958 lectorem,
802 1881 917 1963 quibus
944 1882 976 1942 in
1007 1882 1103 1947 rebus

89 1993 154 2042 tota
173 1981 265 2061 hujus
288 1980 383 2048 libelli
402 1980 459 2042 sita
477 1980 517 2043 sit
535 1979 726 2063 eloquentia.
765 1981 827 2043 Sita
846 1980 946 2043 estin
965 1979 1103 2065 assump-

89 2080 244 2156 tionibus,
267 2076 853 2158 afflictionibus,sermocinationibus,
875 2093 909 2143 et
929 2104 1105 2165 exaggera·

88 2181 237 2243 tionibus.
287 2182 366 2242 Nam
399 2178 547 2242 convicia
574 2181 687 2260 passim
717 2181 870 2263 aspergit,
912 2184 1113 2248 condimenti·

89 2284 170 2344 vice.
215 2280 470 2360 Assumptiouem
495 2282 634 2361 appello,
668 2302 740 2344 cum
766 2282 812 2344 ait
832 2284 968 2366 exempli
984 2304 1103 2348 causas

88 2385 237 2446 Erasmus
277 2380 420 2463 impingit
447 2392 621 2448 Reuchlino
654 2381 772 2445 crimen
805 2384 1028 2465 perrumpis
1057 2385 1105 2448 bis

89 2483 217 2556 mirum,
247 2501 340 2565 quam
363 2481 439 2543 nihil
466 2470 578 2544 babeat
605 2482 730 2544 frontis.
774 2483 886 2546 ,Nihilo
912 2485 982 2564 plus
1011 2485 1104 2549 haber

90 2584 123 2645 iu
143 2583 325 2664 effingendis
343 2581 454 2645 causis.
494 2584 586 2645 Dicet
606 2580 732 2665 aliquis:
766 2585 913 2664 Quaeres
934 2584 1105 2647 commovit

89 2686 271 2757 Erasmum,
309 2692 345 2744 ut
380 2682 436 2766 qui
474 2676 638 2763 tantopere
674 2679 850 2762 praedicarit
883 2682 1104 2763 Reuehliuum,

91 2783 196 2846 subito
215 2793 366 2858 mutatus,
385 2792 447 2843 tam
465 2783 580 2846 foedam
599 2793 705 2845 notatu
723 2781 806 2845 illius
816 2781 937 2846 nomini
950 2785 1111 2848 studuerit.

91 2883 244 2946 inurere?
268 2882 330 2943 Hic
350 2882 485 2966 affingit,
504 2881 757 2945 inhumanitatem
787 2892 820 2942 et
836 2881 986 2946 invidiam
1003 2884 1114 2949 luisse-

90 2984 125 3046 in
138 3005 246 3058 causa,
266 2984 356 3066 quod
374 2983 437 3065 pati
456 2982 670 3066 nequiverim,
690 2984 845 3066 quosdam
855 2982 962 3046 dicere
977 2985 1104 3050 Reucb-

92 3085 190 3147 linum
221 3086 352 3145 alterum
382 3103 452 3145 esse
479 3083 652 3147 Germaniae
685 3085 821 3145 oculum.
869 3085 977 3167 Atque
1015 3087 1115 3170 quod.

94 3181 241 3257 assumis,
271 3194 325 3242 arrt
349 3200 407 3262 per
431 3202 466 3245 se
491 3194 634 3247 constare
662 3183 776 3259 debet,
804 3192 857 3246 aut
886 3195 961 3247 erat.
980 3186 1114 3251 idoneis·

93 3282 284 3365 argumentis
304 3278 518 3360 probandum,
546 3278 573 3345 si
592 3281 668 3346 velis
696 3282 816 3345 bonurn
834 3293 979 3363 prestare
998 3289 1105 3350 rheto-

94 3404 172 3445 rem.
221 3380 345 3443 Deinde
373 3401 466 3442 causa
492 3381 587 3444 debet
614 3402 682 3446 esse
710 3383 796 3459 talis,
840 3395 876 3444 ut
901 3384 1113 3464 probabiliter.

94 3494 248 3564 competat
259 3481 291 3544 in
303 3493 444 3544 naturam
455 3502 492 3545 ae
504 3503 608 3544 mores
620 3481 764 3545 bortrinis.
789 3483 989 3566 Frequenter
1000 3498 1105 3550 autem

92 3605 143 3646 me
163 3586 342 3666 loquentem
361 3581 453 3657 facit,
482 3601 547 3645 non
572 3581 676 3666 qualis
693 3583 845 3660 dixerim,
870 3583 928 3646 sed
947 3586 1049 3667 qualia
1068 3586 1102 3650 in

94 3705 135 3746 eo
166 3684 299 3763 negotio
327 3682 391 3746 dici
411 3691 595 3770 ,poterant-¹
622 3682 724 3765 quue
748 3683 822 3746 lacit
853 3705 921 3746 uon
948 3706 988 3746 ex
1014 3707 1116 3767 vero,

93 3785 150 3846 sed
167 3806 208 3846 ex
225 3805 284 3845 suo
302 3784 481 3846 commodo.
513 3781 548 3845 td
563 3780 697 3845 fortasse
708 3782 781 3846 licet
791 3796 981 3848 vetustarum
999 3806 1107 3852 rorum

95 3883 316 3966 scriptoribus,
356 3887 455 3945 veluti
490 3881 517 3946 si
547 3883 619 3965 quis
652 3882 777 3947 scribat·
796 3883 890 3946 vitam
922 3895 1107 3954 Alexandri

94 3997 228 4072 Maqm‘.
281 3985 438 4048 Caeterum
467 3984 500 4046 in
528 4003 621 4046 causa
648 3982 784 4059 receuti,
808 3983 901 4066 cujus
929 3998 991 4050 tam
1018 3991 1107 4054 multi

95 4101 188 4152 testes
208 4107 277 4150 csse
289 4085 432 4166 possint,
460 4105 527 4146 non
546 4095 594 4146 est
611 4082 694 4146 idern
717 4082 778 4160 jus.
817 4087 1013 4169 Quamquam
1031 4092 1107 4154 dum

94 4189 169 4252 mihi
189 4186 328 4251 attribuit
348 4185 543 4260 orationem,
569 4202 680 4263 parum
698 4183 837 4246 meminit
856 4187 981 4263 decori,
1010 4211 1106 4272 quern

24 4300 30 4305 “
95 4288 288 4371 splendidius
307 4308 344 4349 ae
363 4285 612 4367 niaguilicentius
630 4284 811 4366 loquentem
830 4285 922 4364 lacit,
941 4308 1036 4371 quam
1053 4312 1109 4353 «ο.

96 4393 186 4453 leam.
222 4386 349 4452 Deinde
361 4387 442 4452 nihil
461 4397 509 4450 est
522 4397 590 4447 tarn
606 4382 777 4463 frivolum,
792 4387 892 4468 qnod
909 4386 968 4451 ille.
982 4383 1108 4477 tregn'cis
