2618 5108
490 768 753 868 Expostuletio.
911 826 944 843 .,
1048 776 1129 850 '363

113 960 215 1024 cuniis
234 959 409 1037 celebrare,
434 980 500 1023 non
520 962 622 1023 nullos
640 961 781 1026 fraterne
799 965 972 1047 appellare,
994 975 1027 1029 et
1045 963 1133 1029 omni

100 1062 300 1126 dissimulata
321 1062 496 1124 offensione
517 1063 723 1126 amantissime
742 1086 799 1144 per
818 1053 964 1147 epistolas
977 1069 1130 1149 colloqui,

99 1185 147 1225 ac
166 1163 250 1245 siqui
270 1164 340 1224 irati
356 1173 446 1236 sunt,
466 1162 622 1228 blanditiis
634 1167 829 1228 demulcere:
852 1166 1021 1250 aliquando
1038 1169 1131 1230 etiam

111 1262 145 1327 in
164 1265 289 1327 illorum
310 1264 457 1345 gratiam,
491 1275 545 1325 aut
565 1266 707 1344 placandi
725 1264 847 1342 studio,
869 1288 968 1357 unum
987 1277 1040 1328 aut
1055 1269 1131 1330 alte-

110 1387 181 1428 rum
201 1386 219 1426 e
239 1366 332 1427 nobis
352 1365 512 1426 mordicus
533 1365 683 1444 arripere.
723 1367 800 1446 Quis
814 1366 955 1448 ignorat,
978 1379 1131 1451 quantum

111 1467 151 1528 ab
176 1466 223 1527 his
252 1464 366 1527 scholis
394 1465 597 1540 dissenseris,
624 1487 695 1528 cum
724 1476 857 1530 Lutlrerr'
875 1467 1021 1530 articulos
1054 1488 1130 1535 cott-

111 1569 319 1631 demnareut?
340 1569 433 1630 Nunc
452 1569 581 1646 pulchre
600 1566 715 1629 factum
737 1568 895 1643 ostendis,
916 1579 949 1630 et
969 1570 1008 1629 ad
1021 1570 1129 1630 Losa·

111 1672 236 1732 nienses
251 1671 412 1744 scribens,
432 1668 695 1749 disputationibus
707 1668 830 1730 illorum
843 1669 995 1731 adversus
1010 1670 1131 1732 Luthe-

109 1792 180 1834 rum
201 1792 325 1851 semper
353 1769 601 1832 constantissime
633 1768 748 1830 lavisse
775 1779 806 1831 te
836 1769 942 1848 jactas.
981 1770 1128 1833 Similiter

109 1892 182 1932 cnm
204 1872 319 1932 ordine
341 1869 587 1933 Praeslicatorum
611 1869 693 1951 agis,
720 1869 753 1931 in
776 1891 870 1952 quem
890 1891 963 1932 cum
981 1871 1130 1954 obliquus

111 1992 236 2050 semper
256 1969 372 2042 lucris,
403 1989 501 2050 saepe,
533 1972 698 2050 plusquam
717 1970 822 2032 hostili
849 1972 953 2032 animo
980 1972 1126 2052 cognitus

108 2072 172 2144 sis,
200 2091 284 2131 nunc
315 2069 495 2131 multimoda
527 2071 733 2148 persuasione
761 2070 884 2132 cuidam
904 2070 1012 2132 niteris
1034 2073 1129 2134 fidem

110 2171 235 2244 lacere,
256 2192 417 2252 nunquam
436 2193 502 2232 non
524 2171 605 2231 bene
625 2171 763 2234 voluisse
783 2183 815 2232 te
833 2172 875 2234 illi
891 2171 1032 2235 factioni.
1070 2173 1130 2234 So·

111 2272 197 2335 lebas
229 2283 264 2334 ut
289 2272 381 2334 bonis
408 2271 562 2334 inimicam
583 2271 741 2345 moribus,
773 2282 805 2333 et
828 2273 974 2356 religioni
993 2294 1029 2334 ac
1054 2272 1131 2335 fidei

113 2371 297 2436 Christiane
335 2372 565 2434 infestissimam
601 2373 747 2435 detestari
781 2374 954 2438 Romanam
981 2371 1129 2449 Curicum

110 2495 196 2537 nunc
215 2484 321 2536 sancta
341 2475 472 2546 serilla,
495 2485 526 2534 et
546 2471 707 2534 Catholica
725 2475 882 2550 Ecclesia,
913 2474 970 2539 ubi
989 2474 1129 2537 candore

109 2573 171 2635 lilia
190 2573 321 2636 vincunt
341 2573 500 2648 homines,
527 2571 583 2634 ubi
604 2572 757 2655 quicquid
776 2573 1022 2653 improbissimus
1045 2573 1131 2657 quis·

111 2694 174 2757 que
207 2673 394 2737 Curtisanus
425 2674 584 2756 loquitur,
614 2693 687 2735 rosa
710 2684 775 2734 est.
812 2675 875 2736 Sed
894 2674 935 2736 de
952 2677 1014 2736 hoc
1035 2676 1129 2754 paulo

109 2786 192 2856 post.
231 2775 462 2852 Hieronymum
482 2784 683 2838 Alcandrnm
701 2771 868 2838 deferebas
882 2775 997 2848 nobis,
1030 2773 1131 2839 homi·

110 2896 186 2937 unm
206 2875 418 2949 tclerrimum‚
451 2886 557 2936 natum
576 2877 734 2939 struendis
754 2874 892 2949 technis,
913 2884 945 2936 et
958 2873 1129 2938 ¹fraudibus

111 2976 358 3052 concinnandis,
387 2998 512 3054 semper
539 2977 670 3040 infidum
699 2987 731 3036 et
758 2974 981 3055 perfidiosum,
1008 2995 1133 3056 semper

111 3077 280 3154 malignum
308 3089 340 3140 et
366 3080 555 3152 maleficum,
591 3078 646 3160 qui
670 3077 704 3138 in
723 3078 785 3138 hoc
808 3077 938 3139 haberet
957 3075 1077 3152 literas,
1096 3087 1134 3140 ut

110 3189 243 3240 noceret
259 3178 366 3241 literis.
404 3179 455 3240 De
475 3179 589 3240 eodem
611 3177 748 3259 primus,
767 3177 900 3255 opinor,
920 3179 1032 3240 lamam
1045 3198 1133 3258 spar-

111 3275 179 3339 sisti
199 3278 391 3351 clanculum,
423 3288 528 3339 natum
549 3299 618 3340 esse
638 3279 792 3341 Judaeum.
837 3279 924 3358 Quin
947 3280 1039 3340 elilim
1059 3289 1133 3342 suut

112 3396 179 3436 non
199 3374 319 3456 indigni
339 3378 412 3439 fidei
428 3390 571 3451 autores,
593 3379 665 3459 qui,
686 3399 757 3440 cum
775 3379 1007 3441 Wurmaciensi
1027 3379 1133 3440 conci-

114 3475 156 3537 lio
188 3476 352 3541 Pontificis
380 3478 516 3540 Romani
546 3481 683 3559 legaium
712 3491 820 3559 ageret
857 3482 924 3552 ille,
957 3478 1074 3540 dixisse
1100 3489 1132 3540 te
1179 3484 1181 3487 ’

111 3577 236 3638 lerunt:
266 3559 478 3653 „negaturum
498 3578 530 3640 in
557 3579 724 3642 Germania
744 3579 886 3642 homines
914 3579 1031 3642 liberos
1051 3582 1132 3654 esse,

110 3676 138 3740 si
150 3676 242 3740 vivus
258 3678 422 3740 discedere
435 3679 506 3740 hinc
515 3681 672 3741 Aleander
686 3681 855 3760 permissus
869 3690 966 3754 esset,
989 3677 1135 3757 proditor

111 3778 229 3852 Sinon,
263 3778 318 3862 qui
348 3778 379 3840 in
405 3780 466 3840 lroc
497 3781 672 3844 mitteretur
702 3782 741 3843 ad
764 3785 817 3844 has
839 3780 998 3855 nationes,
1028 3790 1063 3841 ut
1082 3779 1133 3842 illa

23 3952 27 3959 ι
111 3878 193 3940 dolis
222 3900 257 3940 ac
286 3876 426 3953 insidiis,
464 3878 611 3942 incendio
645 3894 676 3944 et
706 3883 847 3943 vastitate
873 3883 990 3944 referta
1015 3882 1136 3942 laxaret

111 3980 263 4052 claustra3
299 3978 451 4058 inciperet
476 3981 674 4057 aLuthero‚
703 3994 813 4044 contra
840 4003 936 4064 quem
961 4002 1033 4042 cum
1052 3980 1135 4043 obti-

112 4081 249 4153 nuisset‚
272 4091 337 4140 tum
357 4080 555 4143 doctissimos
576 4104 739 4164 quosque,
762 4095 793 4143 et
813 4080 947 4162 ingeniis
968 4084 1133 4162 pollentes,

111 4180 307 4242 invaderet.“
357 4181 466 4263 Atque
491 4183 555 4242 hee
582 4204 657 4243 vera
684 4185 737 4244 abs
762 4196 793 4246 te
811 4182 939 4263 jactata,
968 4202 1010 4243 ne
1034 4182 1137 4243 adhuc

114 4280 243 4363 quidem
264 4282 452 4344 dubitamus.
501 4284 574 4344 Hoc
594 4283 761 4358 miramur,
792 4283 825 4344 in
854 4304 948 4366 quem
968 4283 1046 4357 tale,
1074 4291 1136 4343 tam

113 4381 283 4444 adversum
315 4381 529 4445 testimonium
560 4381 698 4459 dixeris,
734 4380 805 4460 ejus
827 4393 859 4447 te
887 4393 999 4447 autore
1027 4381 1134 4447 laudes
