2618 5108
820 677 824 705 l

209 819 281 899 tto
495 823 697 901 Praedones
746 823 935 923 Dialogus.

205 1015 338 1098 plantae,
365 1015 490 1078 tructus
520 1027 553 1078 et
571 1016 705 1091 semina,
733 1013 803 1079 sine
822 1013 939 1099 quibus
961 1024 993 1078 et
1013 1012 1079 1076 vivi
1099 1023 1235 1096 poterat,

206 1116 371 1179 etunius
399 1115 465 1178 rivi
494 1118 645 1198 poterat?
677 1115 867 1181 Incredibile
892 1114 977 1179 enim
996 1126 1062 1192 ert,
1095 1127 1132 1177 ut
1158 1136 1238 1176 con·

205 1215 336 1279 veniant
354 1214 402 1279 bis
421 1216 630 1298 corporibus,
651 1239 720 1300 quae
740 1217 790 1278 hic
810 1220 880 1280 nata
900 1238 966 1279 non
983 1226 1067 1279 sunt.
1105 1215 1139 1278 Si
1159 1236 1238 1277 con-

208 1314 355 1376 venirent
386 1320 490 1390 enim,
522 1323 636 1379 natural
665 1316 786 1379 factum
819 1328 920 1392 esset,
954 1327 989 1379 ut
1019 1319 1069 1379 hic
1103 1336 1238 1400 quoque

209 1424 427 1477 nascerentur.
465 1414 578 1497 Itaque
595 1436 660 1477 non
679 1418 753 1478 usui
773 1418 854 1493 baec,
875 1418 933 1480 sed
952 1417 1072 1480 deliciis
1090 1438 1240 1501 quaerun-

209 1525 282 1591 tur,
304 1534 364 1576 nec
374 1524 409 1576 ut
421 1525 590 1577 serventur
601 1536 755 1596 corpora,
768 1516 825 1577 sed
839 1527 873 1578 ut
888 1517 1103 1592 oblectentur,
1117 1518 1239 1579 utenda

210 1615 302 1679 datis.
353 1614 432 1676 lnde
464 1613 542 1677 mira
570 1627 617 1676 est
648 1615 832 1698 corruptio,
868 1627 899 1678 et
920 1616 1070 1696 proclivis
1093 1618 1125 1678 in
1145 1637 1240 1679 omne

116 1725 118 1731 ’
212 1738 314 1799 genus
335 1714 522 1778 morborum
540 1717 655 1798 lapsus.
693 1718 850 1779 Praeterea
869 1716 1004 1779 sericum
1024 1716 1187 1794 intulistis,
1207 1728 1242 1780 et

207 1815 329 1878 infinita
350 1814 511 1899 peregrini
528 1816 659 1879 vestitus
680 1838 814 1898 genera,
835 1817 951 1900 quibus
971 1815 1145 1899 genuinum
1164 1816 1241 1881 illud

210 1916 387 1980 Germaniae
424 1918 525 1981 robur
567 1918 742 1991 emollitur,
781 1928 813 1978 et
841 1917 951 1999 optimi
989 1929 1240 1998 corrumpuntur

210 2037 336 2095 mores,
367 2018 408 2081 ad
436 2018 621 2081 muliebrem
647 2017 814 2093 lautitiam,
844 2028 876 2079 et
908 2017 1057 2080 infamem
1089 2040 1149 2099 per
1179 2039 1240 2080 vos

213 2118 396 2196 mollitiem,
418 2119 552 2183 deducta
567 2118 727 2183 bominum
744 2117 817 2181 vita.
856 2119 936 2181 Nam
952 2141 988 2181 ea
1008 2119 1085 2201 quid
1101 2140 1241 2182 comme-
1286 2167 1287 2170 η

154 2258 157 2263 -
212 2241 354 2298 morem,
376 2242 446 2304 qnae
463 2241 569 2304 neque
581 2220 680 2296 bona,
700 2239 807 2301 neque
822 2220 916 2293 mala,
939 2218 1094 2304 quicquid
1115 2220 1241 2303 ubique

208 2321 288 2385 novi
310 2332 374 2396 est,
397 2319 552 2404 quiequid
568 2321 649 2397 rari,
670 2319 805 2383 maxime
822 2318 949 2401 quoties
963 2321 1086 2383 ridiculi
1106 2319 1239 2403 aliquid,

207 2433 241 2484 et
264 2421 390 2483 inanem
421 2422 577 2506 quandam
608 2421 658 2483 sui
690 2421 928 2483 admirationem
954 2423 1042 2504 quod
1067 2422 1240 2498 contineat,

211 2532 249 2585 ut
278 2520 386 2604 siquid
410 2542 427 2583 a
447 2522 582 2584 foeminis
607 2523 707 2596 lorte,
744 2535 796 2584 aut
822 2523 929 2602 pueris
960 2522 1095 2602 spectari
1121 2522 1240 2602 cupide

207 2623 328 2706 possit,
351 2624 419 2688 sive
441 2626 481 2688 ad
503 2626 611 2687 ludum
639 2624 727 2707 quod
751 2623 926 2704 pertineat,
958 2634 990 2683 et
1009 2624 1239 2687 concinnandis

208 2721 290 2808 jocis
307 2737 413 2806 aptum
427 2726 483 2803 sit,
505 2724 677 2807 adportatis
697 2724 824 2787 statim?
845 2745 950 2806 neque
967 2725 1051 2785 enim
1068 2725 1240 2809 quiequam

209 2825 333 2910 ubique
353 2840 418 2903 est,
439 2828 507 2891 sive
527 2839 649 2902 natum,
672 2827 739 2891 sive
759 2836 884 2904 aptum,
909 2827 998 2907 quod
1014 2825 1163 2904 ignorare
1178 2847 1239 2888 nos

210 2926 364 3010 patimini.
404 2929 518 2991 Omnia
537 2931 622 3005 loca,
653 2947 762 2990 omnes
782 2929 952 3007 regiones,
980 2925 1092 3002 maria,
1126 2937 1240 2994 terrast

210 3038 308 3112 atque
336 3050 446 3092 omnes
473 3030 583 3091 mundi
608 3031 740 3111 angulos
769 3027 958 3108 exploratis,
980 3038 1016 3088 ut
1049 3026 1240 3103 inveniatur,

210 3130 300 3210 quod
331 3130 500 3192 adversum
526 3128 636 3204 nobis,
668 3129 834 3211 pecuniam
860 3127 933 3190 hinc
961 3139 1101 3204 avertat,
1132 3128 1175 3189 ita
1205 3137 1242 3190 ut

211 3228 365 3291 credibile
388 3229 444 3303 sit,
475 3228 660 3310 conjurasse
691 3252 767 3306 vos,
800 3251 841 3292 ne
861 3250 972 3290 aurum
1003 3231 1054 3292 vel
1073 3237 1242 3310 argentum

209 3327 317 3392 sinatis
339 3333 371 3392 in
395 3330 565 3394 Germania
586 3334 741 3413 reliquum
761 3352 831 3394 esse
852 3333 961 3394 ullum.

608 3489 721 3550 Mero
731 3509 747 3548 a
756 3498 768 3548 t
778 3509 797 3549 o
809 3510 835 3552 r.

285 3590 328 3652 Et
349 3602 453 3653 tamen
480 3610 598 3672 negare
622 3610 689 3651 non
713 3599 824 3670 potes,
851 3591 1017 3672 pulchrum
1036 3608 1126 3666 esse,
1147 3607 1242 3672 perc·

213 3691 307 3773 grina
327 3692 385 3756 ista
410 3692 461 3755 hie
485 3689 624 3754 baberi?

600 3848 860 3913 Franciscus.

286 3949 375 4026 lmo,
397 3961 508 4013 contra
527 3962 669 4014 naturam
689 3951 780 4027 dico,
802 3951 979 4033 adportari,
1003 3973 1073 4034 quae
1101 3950 1242 4011 hicnon

210 4063 394 4117 naseuntur.
434 4053 543 4136 Atque
572 4052 692 4115 utinam
713 4074 779 4115 non
800 4052 989 4115 docuissetis
1003 4050 1121 4134 flagitia
1138 4070 1244 4113 amare

211 4153 428 4229 Germaniam,
450 4156 576 4230 luxum,
598 4154 763 4228 convivia,
794 4156 920 4236 epulas,
948 4165 980 4216 et
1006 4152 1245 4235 popinationes,

210 4277 329 4339 resque
353 4254 457 4331 nihili,
485 4255 670 4338 peregrinas
696 4268 815 4331 vestes,
837 4278 969 4331 aurum,
990 4275 1145 4338 gemmas,
1166 4274 1246 4335 pur·

210 4377 341 4439 puram3
388 4378 495 4441 neque
527 4357 611 4420 enim
643 4378 748 4420 mores
783 4361 920 4440 primum
953 4355 1097 4437 corrupti
1124 4367 1243 4433 essent,

132 4507 135 4513 ,
212 4459 330 4523 deinde
364 4459 502 4541 pecunia
535 4481 668 4545 quoque
695 4471 837 4534 maneret
868 4458 929 4523 hic.
991 4458 1152 4522 Praeterea
1176 4477 1246 4522 noo
