2618 5108
400 786 446 859 ad
472 783 667 885 Spongiam
690 783 844 859 Erasini.
1055 791 1124 864 ddi

116 997 251 1061 usquam
286 979 342 1055 sit,
368 977 461 1060 cujus
493 978 660 1042 occasione
687 978 722 1040 in
752 973 906 1057 judicium
935 981 1128 1061 prontinus.

120 1077 183 1156 Qui
205 1078 328 1161 siquid
348 1078 527 1156 inveniant,
558 1100 651 1163 quarn
678 1079 770 1142 tacite
798 1079 1030 1160 oppresserint,
1055 1102 1129 1151 cum

117 1192 178 1240 tam
197 1177 261 1240 sint
278 1193 428 1259 practerea
447 1178 574 1243 infensi.
610 1178 706 1261 Quod
726 1177 869 1242 homines
887 1177 933 1242 ibi
950 1180 1042 1258 fallo,
1062 1197 1130 1246 tum
1255 1175 1257 1179 ¹

115 1299 182 1352 mc,
203 1278 256 1340 cui
274 1281 400 1360 cognita
419 1294 451 1342 et
469 1294 633 1362 perspecte
650 1291 724 1341 sunt
742 1277 863 1355 omnia,
883 1281 1015 1343 coelestis
1033 1280 1130 1346 Pater

103 1366 258 1441 conterat
271 1401 307 1441 ac
323 1379 463 1461 dissipet,
482 1400 589 1464 neque
601 1377 756 1461 propitius
772 1398 911 1461 unquam
927 1378 977 1456 sit,
996 1379 1129 1464 siquod

114 1476 147 1538 in
163 1500 351 1560 quemqnam
370 1481 471 1543 sciens
488 1483 663 1562 volensque
679 1477 874 1541 mendacium
891 1478 1042 1542 conscivi.
1075 1482 1129 1545 Tu

115 1598 246 1661 qnoque
268 1580 390 1641 solebas
410 1577 619 1663 integritatem
640 1572 858 1641 et'oandorem
878 1579 1128 1648 nituere-mute

113 1693 146 1740 et
163 1678 223 1740 nisi
239 1680 453 1756 (leonensem,
470 1699 528 1761 per
543 1678 741 1742 occasionem
758 1676 1008 1743 indecentissime
1024 1701 1131 1744 assen-

113 1778 171 1841 tari
203 1781 393 1843 Hochstrato
426 1768 529 1842 nunc':
561 1776 767 1841 obnixissime
792 1792 881 1843 certo
908 1777 992 1855 scio,
1020 1780 1130 1844 existi-

115 1881 284 1943 mationem
309 1880 359 1943 hic
387 1900 488 1943 meam
513 1878 720 1952 defenderes,
754 1897 821 1959 quo
853 1877 1014 1942 anemine
1041 1881 1130 1965 credi

45 2036 64 2051 ,,
113 1982 227 2055 velles,
259 1982 319 2041 tale
344 1979 379 2041 in
405 1999 511 2043 meum
540 1978 676 2041 animum
705 1975 858 2059 flagitium
876 1979 1015 2042 cadere.“
1053 1981 1147 2044 Hoc·

112 2080 283 2142 Huttenus.

189 2180 384 2242 Erasmus.
421 2179 592 2262 Egregiam
628 2200 708 2243 vero
747 2177 888 2264 gratim
912 2181 1130 2247 communicati

112 2277 241 2358 hospitii
266 2279 366 2342 refert
392 2279 466 2342 huic
494 2279 586 2356 urbi,
615 2280 649 2342 in
670 2299 733 2364 qus
756 2298 843 2342 nunc
862 2278 938 2342 vivo
957 2278 1021 2362 jam
1039 2282 1130 2347 bien·

113 2379 188 2457 nio,
220 2392 252 2443 et
276 2379 432 2443 neminem
458 2380 572 2456 video,
605 2379 663 2463 qui
688 2399 723 2441 se
752 2379 888 2461 patiatur
911 2381 1129 2449 Lutheranurt
1258 2394 1264 2404 '

112 2479 188 2556 dici,
210 2490 242 2542 et
260 2481 294 2541 in
314 2500 377 2562 que
394 2480 522 2560 publico
542 2481 645 2544 edicto
664 2489 793 2542 cnutum
810 2491 880 2557 est,
898 2498 940 2543 ne
960 2482 1129 2565 quisquam

114 2579 148 2642 in
176 2581 332 2644 concione
361 2581 490 2655 doceat,
529 2586 618 2662 quod
649 2579 833 2643 adversetur
862 2580 1055 2662 Evangelio,
1072 2601 1130 2646 ¹na

113 2681 249 2743 Lutheri
268 2680 397 2764 quidem
415 2678 581 2743 autoritate
600 2679 711 2742 iretur.
740 2682 743 2687 “

188 2782 295 2845 Otto.
332 2781 450 2865 Utique
469 2778 629 2863 egregiam
647 2777 793 2862 gratiam!
821 2778 902 2842 Nam
920 2773 1038 2858 optima
1058 2799 1149 2865 gns

113 2879 157 2944 tia
175 2880 395 2945 communicati
413 2880 542 2962 hospitii
559 2891 628 2956 est,
658 2877 714 2941 ubi
732 2877 844 2941 melior
869 2878 906 2940 fit
936 2898 978 2942 ex
996 2878 1130 2961 hospitis

50 2981 58 2995 “
111 2982 340 3060 contubernio,
380 2981 437 3065 qui
465 2979 579 3062 recipit
610 2977 760 3059 hospitio.
813 2976 899 3059 Quid
934 2988 1040 3042 autem
1071 2989 1128 3047 tus

112 3082 343 3144 existimatione
376 3081 552 3164 indignius,
585 3099 680 3163 quam
706 3080 767 3144 tale
796 3075 951 3158 probrum
976 3076 1128 3159 objicere,

112 3184 201 3264 quod
222 3183 306 3263 apud
326 3181 462 3263 optimos
482 3200 628 3263 quosque
648 3177 966 3251 maximianistae,
989 3189 1021 3239 et
1038 3181 1129 3263 quod

111 3287 210 3362 magis
241 3279 345 3362 arguit
373 3280 636 3356 conviciatorem,
672 3299 766 3362 quam
791 3298 880 3354 ernn,
912 3277 969 3361 qui
996 3279 1129 3344 deditur.

110 3383 269 3444 Miserum
298 3393 346 3457 te,
380 3381 437 3464 qui
466 3383 528 3444 huc
555 3378 696 3444 amentias
709 3376 914 3458 ‘'pervenisti!
952 3376 1016 3440 Sed
1035 3381 1128 3460 quale
1165 3442 1167 3446 Α

110 3485 172 3546 hoo
202 3492 250 3545 est
278 3482 418 3559 tonitru,
450 3503 516 3564 quo
536 3502 596 3545 nos
621 3481 823 3542 vehementer
848 3487 967 3552 terres,
998 3477 1127 3557 publico

110 3584 215 3648 edicto
236 3595 361 3645 cautum
382 3601 467 3657 esse,
499 3601 540 3643 ne
567 3581 732 3664 quisquam
757 3578 791 3640 in
818 3576 972 3646 concione
999 3577 1126 3654 doceat,

111 3686 200 3769 quod
227 3684 403 3766 Evangelio
424 3680 636 3745 adversetur?
668 3681 736 3742 lmo
761 3677 796 3739 in
821 3677 881 3740 hoc
900 3677 1032 3737 menime
1052 3697 1128 3754 pro·

108 3786 223 3847 babent
250 3785 425 3847 doctrinam
450 3781 601 3856 Lutheri,
632 3801 701 3863 que
722 3776 797 3841 nihit
825 3775 909 3839 aliud
937 3786 1003 3851 est,
1031 3798 1128 3859 quam

113 3905 154 3945 ex
174 3884 367 3964 Evangelio,
397 3883 488 3945 etiam
507 3881 535 3945 si
551 3889 736 3962 rumpantur
765 3895 875 3939 omnes
892 3874 1075 3940 Antichristi
1093 3888 1127 3945 et

112 3982 258 4061 Papistae.
297 3985 338 4043 Et
367 3982 464 4045 hodie
489 3983 604 4044 multos
629 3979 726 4043 habes
756 3975 791 4039 in
822 3997 861 4040 ea
884 3966 980 4052 urbe,
1010 3975 1126 4060 quise

111 4081 323 4164 Evangelioos
352 4082 571 4162 predicatores
617 4078 706 4144 verbi
740 4087 773 4138 et
808 4075 917 4139 haberi
950 4078 1061 4139 volunt
1093 4090 1126 4143 et

111 4195 204 4258 sunt,
234 4182 450 4245 Lutherenum
473 4182 591 4264 dogma
613 4176 713 4262 palam
734 4179 897 4240 docentes.
933 4173 1020 4238 Dum
1045 4198 1125 4242 vero

110 4293 251 4349 statuunt
282 4280 505 4364 Evangelium,
538 4280 617 4364 quid
644 4280 729 4344 atiud
759 4286 875 4356 egunt,
910 4295 1004 4359 quam
1035 4279 1124 4358 qnod

109 4387 298 4450 subvertunt
323 4383 463 4447 omnium
481 4382 611 4447 Patruus
628 4391 828 4454 sanctorum,
856 4373 1074 4441 Consiliorum
1092 4388 1125 4443 et
