2618 5108
639 1371 682 1444 A.

141 1647 332 1738 Ulricho
348 1648 553 1721 Hutteno
574 1641 750 1740 Equiti,
776 1640 876 1734 Suo,
892 1640 1173 1714 Hermannus

526 1780 775 1857 Buschius.

580 1979 721 1996 ψ

142 2116 331 2230 Optarent,
351 2145 451 2210 minas
472 2155 541 2207 tuas
558 2143 728 2227 aliquando
748 2141 889 2206 deterius
905 2140 1035 2206 evenire
1055 2141 1176 2204 Roma·

142 2252 233 2314 nistis
254 2269 350 2332 quam
369 2243 534 2306 eveniunt.
582 2246 647 2325 Qui
665 2243 769 2324 primo
791 2242 928 2324 pessime
948 2241 1008 2305 sibi
1025 2241 1176 2304 timebant

142 2363 198 2435 tua
220 2368 330 2422 causa,
361 2344 468 2406 ridere
494 2366 580 2405 nunc
606 2356 637 2408 et
665 2344 730 2426 joci
757 2345 917 2408 materiam
937 2344 1054 2405 habere
1075 2345 1175 2423 palam

141 2450 179 2513 in
199 2448 325 2509 circulis
347 2444 453 2523 (etiam
485 2448 683 2522 nostrorum)
710 2467 776 2508 non
804 2447 987 2509 formidant.
1036 2445 1176 2508 Tantum

145 2545 267 2612 accedit
287 2547 423 2610 audaciae
440 2545 517 2621 iilis,
540 2547 637 2622 dum,
658 2557 694 2608 ut
715 2546 820 2626 ajunt,
841 2549 941 2610 solurn
957 2549 1050 2607 latras
1067 2566 1175 2628 neque

142 2649 284 2715 mordes.
323 2646 447 2724 Facile,
475 2645 644 2728 inquiunt,
672 2660 719 2709 est
743 2669 816 2710 eum
842 2648 928 2710 serre
948 2649 1090 2722 hostem,
1121 2648 1176 2730 qui

144 2753 297 2814 hactenus
317 2759 430 2824 nocet,
463 2762 500 2811 ut
524 2749 662 2811 minetur
690 2769 752 2810 nec
776 2748 879 2810 feriat.
927 2750 1090 2829 Quorsum
1109 2747 1175 2809 istae

144 2851 276 2913 assiduae
297 2850 354 2913 sed
373 2853 483 2912 inanes
503 2848 619 2912 minae?
646 2848 718 2932 quis
743 2850 870 2912 demum
899 2849 970 2911 finis
996 2849 1176 2913 minarum?

145 2973 239 3037 quam
259 2950 315 3012 diu
344 2970 379 3012 se
405 2948 507 3032 ipsum
528 2951 572 3009 sie
590 2949 753 3012 traducet?
783 2971 842 3032 age
862 2949 990 3031 incipiat
1010 2954 1106 3013 semel
1126 2963 1176 3014 to·

143 3073 238 3126 nare,
272 3050 301 3113 si
329 3050 407 3134 quid
437 3052 520 3112 vaiet
545 3048 660 3132 ignava
689 3051 790 3114 nubes
823 3052 891 3113 ista.
938 3052 1079 3114 Terrere
1104 3053 1175 3131 scit,

144 3174 264 3218 nocere
283 3152 396 3234 nequit
417 3162 573 3216 Hastenus
598 3162 714 3213 vester.
763 3153 838 3213 Hoc
857 3162 921 3226 est,
952 3152 1042 3233 quod
1075 3152 1176 3233 ajunt,

144 3275 258 3318 vanam
278 3273 347 3315 esse
372 3250 450 3313 iram
476 3251 596 3334 absque
617 3251 749 3313 viribus.
789 3251 904 3315 Scribit
925 3263 1060 3332 carolo,
1081 3254 1176 3318 Prin·

145 3356 286 3438 cipibus,
316 3351 589 3433 Archiepiscopis,
619 3351 724 3413 nobis.
776 3351 857 3415 Satis
881 3355 1010 3435 quidem
1029 3358 1176 3420 minatur.

147 3461 255 3539 Qurnn
274 3465 378 3516 tamen
397 3453 474 3516 nihil
486 3451 615 3532 majoris
629 3451 763 3532 periculi
777 3475 871 3535 quarn
884 3455 1034 3516 hactenus
1049 3456 1176 3519 aliunde

90 3561 93 3570 '
145 3556 320 3632 incumbit,
352 3553 412 3615 tuti
440 3574 558 3615 sumus.
608 3551 733 3630 Credo,
764 3574 841 3616 num
862 3555 983 3618 vidistis
1014 3557 1074 3638 ipsi
1095 3558 1177 3621 Ger·

146 3662 247 3734 mani,
276 3678 316 3718 an
338 3655 380 3716 ob
399 3655 492 3716 hasce
512 3652 650 3715 minutas
666 3665 854 3720 Hrcttenicas
883 3655 1055 3739 quicquam
1075 3656 1177 3720 nostri

147 3757 287 3824 muneris
318 3754 531 3832 remiserimus
549 3752 692 3831 interea,
724 3756 788 3819 imo
816 3778 856 3820 an
879 3779 946 3820 non
965 3758 1065 3838 magis
1085 3759 1177 3821 etiam

148 3856 431 3924 contenderimus?
450 3866 481 3917 et
491 3855 714 3917 contendimus
726 3867 812 3919 tanto
825 3858 1034 3939 pertinacius,
1056 3870 1176 3941 quanto

148 3961 199 4023 ille
216 3959 352 4022 minatur
372 3956 497 4018 vanius.
538 3956 654 4038 Neque
674 3954 744 4036 ejus
761 3970 820 4040 aut*
835 3958 927 4021 uilius
948 3959 1025 4020 victi
1045 3960 1178 4022 terrori·

147 4061 207 4123 bus
223 4047 435 4132 abstinemus,
456 4055 563 4138 quoad
577 4078 711 4137 pensum
723 4070 866 4122 nostrum
879 4060 1057 4122 absolutum
1076 4074 1178 4130 Leoni

148 4160 376 4242 triumphantes
404 4159 662 4240 gratulantesque
688 4158 901 4241 assignemus:
933 4162 1080 4226 damnato
1112 4173 1177 4234 Lu.

150 4273 260 4355 qhero,
280 4259 373 4322 etiam
392 4279 451 4339 per
471 4269 592 4341 strages
614 4259 865 4337 Germanorum,
884 4261 911 4323 si
931 4264 987 4345 qui
1010 4287 1177 4348 opponere

149 4388 185 4431 se
201 4361 291 4426 nobis
310 4370 430 4420 temere
450 4357 570 4421 suerint
594 4358 672 4422 ausi.
712 4360 863 4432 Peream,
884 4363 911 4424 si
931 4386 996 4425 non
1016 4365 1057 4428 ita
1076 4372 1178 4448 palam

149 4456 408 4530 concionabundi
437 4458 642 4523 audacissime
663 4459 828 4526 blaterant.
877 4463 990 4545 Nuper
1012 4466 1176 4553 Hispanus
