2618 5108
1058 519 1062 528 ,

558 811 747 911 Dialogus.
843 803 851 819 ’
1099 814 1165 891 til

136 1026 212 1068 eum
231 1002 311 1087 jussi
329 1005 392 1069 sint
413 1025 491 1070 oves
513 1003 632 1070 Christi
650 1026 802 1089 pascere,
836 1016 958 1070 tantum
978 1005 1168 1091 deglubunt,

135 1109 295 1178 lacerant,
325 1121 357 1171 et
380 1107 549 1188 perimunt.
587 1111 696 1190 Atque
721 1108 754 1171 hi
775 1129 841 1192 quo
860 1109 961 1173 [astus
981 1102 1168 1173 evaserunt!

136 1208 257 1270 Nonne
276 1207 323 1270 sic
339 1208 517 1291 despiciunt
529 1208 696 1288 Principes
712 1208 928 1287 Christianos,
947 1220 983 1273 nt
999 1231 1016 1272 a
1032 1209 1169 1290 pedibus

137 1309 204 1371 suis
223 1309 333 1371 tiaram
356 1309 551 1390 imperialem
569 1310 660 1372 indui
686 1311 873 1394 quibusdam
892 1312 1067 1395 patiantur,
1101 1333 1170 1375 om·

137 1410 234 1472 nibus
265 1430 345 1472 vero
379 1413 567 1475 osculandos
595 1412 694 1495 pedes
723 1413 916 1496 porrigant?
944 1415 1022 1494 Quae
1054 1413 1102 1478 vis
1132 1433 1178 1483 ae

142 1510 405 1588 violentiorem,
439 1534 502 1596 qua
522 1514 637 1591 urbes,
664 1534 780 1594 regna,
809 1512 965 1589 ditiones,
985 1524 1018 1576 et
1037 1512 1170 1595 imperia

140 1611 266 1706 ebaliis
287 1613 381 1675 adse
402 1616 546 1690 trahunt,
576 1627 608 1677 et
635 1613 787 1677 Romanis
817 1613 947 1698 quidem
965 1615 1170 1697 Principibus

138 1714 343 1789 ademerunt,
371 1714 484 1777 urbem
503 1715 590 1797 prius
610 1717 764 1793 Romam,
793 1729 867 1798 post
888 1717 1005 1780 ltaliam
1024 1739 1169 1802 quoque,

138 1827 171 1880 et
190 1815 295 1898 ipsum
314 1816 396 1878 adeo
423 1817 598 1881 occidentis
617 1817 798 1899 imperinm,
830 1819 987 1902 quandam
1007 1820 1096 1903 quasi
1116 1820 1172 1882 de·

138 1919 232 1980 latam
251 1916 311 1980 sibi
338 1917 562 1980 haereditariam
582 1920 833 1996 successionem,
864 1919 1048 1982 vindicant?
1073 1921 1172 2008 Quod

139 2018 166 2082 si
185 2018 281 2102 queri
299 2018 341 2079 de
361 2018 509 2082 omnibus¹
529 2020 642 2096 velim,
672 2042 741 2103 quae
761 2020 835 2084 satis
854 2018 963 2104 lingna
981 2020 1102 2096 suerit,
1130 2021 1172 2084 ad

140 2119 383 2201 explicandum,
412 2121 452 2182 de
472 2119 714 2201 perversissimo
734 2141 819 2183 nuno
837 2121 926 2184 urbis
946 2123 1056 2186 Romae
1075 2133 1169 2200 statu,

140 2221 228 2285 unde
256 2241 294 2282 ea
320 2232 445 2283 manant
476 2222 638 2301 exempla,
675 2244 745 2305 quae
775 2221 1027 2287 Christianorum
1065 2244 1172 2287 mores

141 2321 230 2386 omni
261 2342 374 2386 errore
401 2333 435 2383 et
465 2322 675 2403 perversitate
707 2324 896 2403 depravatos
926 2324 1088 2388 reddunt?
1119 2326 1172 2390 De

142 2423 307 2509 iniquitate
328 2422 525 2488 cardinalitii
544 2423 624 2487 illius
644 2435 758 2501 coetus,
789 2436 821 2488 et
839 2437 887 2488 tot
904 2426 1041 2507 g'alcritis
1062 2429 1173 2492 Romae

144 2526 362 2602 Proceribus,
384 2525 441 2609 qui
459 2525 602 2589 debitum
620 2528 742 2606 populo
763 2524 943 2590 Christiano
963 2526 1012 2609 jus
1034 2528 1173 2612 eligendi

143 2627 333 2691 Pontificem
367 2627 409 2702 (si
440 2628 538 2690 modo
557 2626 633 2709 eligi
657 2649 740 2691 unus
769 2648 805 2691 ae
832 2627 946 2710 aliquis
965 2628 1006 2691 ab
1025 2629 1174 2695 omnibus

144 2715 271 2806 debeat)
289 2730 331 2791 ed
348 2731 435 2792 solos
457 2749 492 2791 se
513 2728 669 2792 violenter
688 2730 823 2792 trahunt.
861 2730 913 2792 De
928 2726 1174 2795 Curtisanorum

142 2830 361 2914 improbitate,
388 2833 445 2914 qui
470 2851 544 2895 eum
563 2828 626 2893 sint
643 2829 838 2893 Pontificum
856 2841 1095 2912 procuratores,
1127 2830 1176 2896 sie

142 2924 440 3010 oliiemm'iaeiunt,
468 2945 503 2997 ut
521 2932 583 2996 nisi
608 2931 671 3014 ipsi
688 2941 811 3008 essent,
839 2932 913 2995 nihil
932 2933 1019 2995 forte
1031 2931 1176 3015 ›indigni-

140 3035 213 3100 tatie
241 3035 282 3100 m
307 3035 388 3100 urbe
421 3036 525 3099 Roma
554 3031 757 3118 pateremur?
787 3034 838 3097 De
865 3033 955 3096 ioedo
973 3033 1176 3097 sacerdotum

141 3142 243 3215 lanu,
273 3136 382 3221 deqere
400 3136 584 3217 inexplebili
603 3135 723 3200 ordinis
743 3134 814 3217 ejus
834 3133 979 3212 ovantia,
1009 3133 1176 3198 luraoitata

144 3257 227 3304 vero
247 3249 280 3303 et
298 3236 445 3319 rapiendi
463 3235 606 3314 lieentia,
635 3238 705 3318 plus
725 3237 812 3300 omni
839 3236 1005 3316 tyrannide
1021 3235 1176 3319 'superbn

142 3350 176 3404 et
195 3337 354 3415 violenta,
389 3337 506 3423 quibus
535 3356 574 3402 ea
599 3337 720 3415 modis,
751 3358 911 3422 quamque
943 3337 1065 3401 infinite
1095 3340 1177 3400 hane

143 3453 279 3527 gravern
303 3439 490 3504 nationem?
519 3441 627 3523 thue
646 3438 733 3503 miris
753 3439 793 3503 ad
812 3458 881 3502 eam
900 3456 968 3502 rem
993 3439 1176 3520 excogitatis

142 3544 257 3609 Rome
276 3543 414 3619 artibus,
433 3541 552 3605 nonin
572 3540 722 3623 pecunias
740 3551 860 3604 tantum
879 3551 1020 3616 nostrae,
1048 3540 1081 3602 in
1101 3560 1177 3618 pos·

143 3647 324 3722 menes,
353 3655 386 3707 et
419 3644 621 3725 patrimonia,
652 3643 742 3728 quod
772 3641 864 3718 satis,
895 3660 1058 3725 superque
1086 3660 1178 3723 poene

145 3750 239 3813 etiem
257 3746 375 3812 misere
403 3747 579 3810 dolendum
605 3757 687 3822 erat,
719 3744 856 3825 impetus
874 3742 945 3806 istie
965 3744 1037 3819 flat,
1068 3743 1126 3807 sed
1145 3753 1179 3806 et

148 3849 251 3934 (qnod
268 3838 440 3914 serendum
465 3869 668 3933 nequaquam
687 3856 751 3923 est,
781 3846 880 3908 modo
911 3843 1082 3908 Christiani
1106 3865 1179 3908 esse

145 3952 296 4028 velimus,
327 3961 360 4012 et
390 3949 453 4014 viri
479 3971 551 4014 esse
582 3947 754 4037 uelimus)
789 3948 822 4010 in
847 3967 954 4009 mores
978 3944 1029 4010 hie
1049 3956 1210 4027 nostros,

143 4051 319 4118 toedimms
336 4061 443 4134 serpat
470 4073 490 4115 a
509 4051 687 4134 depravatis
709 4053 860 4114 Romanae
885 4047 1019 4110 civitatis
1046 4047 1181 4113 vivendi

143 4154 279 4231 ritibus,
316 4153 486 4237 contagio!
524 4153 576 4216 De
607 4151 876 4236 indulgentiarum
904 4148 1077 4226 nundinis,
1107 4171 1180 4230 gra-

142 4258 279 4334 timum,
298 4255 589 4338 dispensationum,
616 4253 866 4328 relaxationem,
894 4262 927 4315 et
945 4250 1181 4336 absolutionum

145 4361 345 4433 mercatura,
374 4379 409 4420 ac
430 4358 516 4419 omni
536 4378 621 4421 nunc
640 4356 784 4421 exercito
804 4356 958 4418 bullarum
979 4373 1113 4438 genere,
1139 4354 1181 4417 de

145 4463 248 4541 dolis,
267 4459 448 4537 fraudibus,
470 4458 609 4537 technis,
628 4456 793 4556 versutiip,
813 4457 909 4535 ineo,
929 4453 1099 4538 decipulis,
1120 4457 1184 4520 cal·
