2618 5108
370 794 427 871 Ad
451 792 546 869 Eob.
570 795 727 870 Hessum
749 794 865 897 Epist.
1059 806 1132 887 ³3⁹

110 985 211 1050 emico
232 984 429 1070 grasifioeris
467 984 554 1051 Mire
573 989 669 1070 cupio
688 989 785 1067 seire,
807 990 926 1058 Crotus
946 992 1078 1074 ubisit,
1099 1006 1133 1062 el

110 1089 276 1172 quomodo
303 1099 385 1170 aget.
427 1089 508 1152 Nasu
538 1079 613 1151 inibi
642 1089 676 1151 in
701 1090 832 1171 patriam
857 1092 933 1158 (lure
951 1094 1055 1160 literas
1075 1096 1132 1162 diu

108 1188 173 1267 jem
194 1211 260 1251 non
278 1187 383 1267 licuit,
414 1190 519 1254 omnia
540 1189 758 1255 obsidentibus
777 1191 932 1271 tyrannia
964 1205 997 1258 et
1013 1215 1131 1279 magno

109 1310 182 1353 meo
203 1311 275 1353 cum
294 1290 497 1354 incommodo
529 1290 710 1370 interceptis
731 1312 834 1375 nuper
853 1293 1005 1374 epistolis.
1041 1297 1132 1361 Bene

109 1390 149 1452 sit
168 1389 301 1467 homini,
330 1391 387 1454 ubi
406 1391 462 1454 ubi
488 1394 551 1454 est!
587 1413 715 1472 sperare
734 1413 801 1454 non
824 1394 954 1469 desino,
984 1394 1075 1473 fore,
1095 1407 1132 1461 ut

109 1494 189 1555 banc
209 1494 296 1555 Deus
316 1493 476 1555 bonorum
495 1492 637 1555 virorum
656 1493 886 1573 dispersionem
904 1492 1045 1576 colligat:
1070 1515 1131 1558 nee

111 1615 170 1656 vos
189 1594 343 1658 desiuite!
364 1595 457 1657 habel
477 1593 560 1657 enim
580 1592 721 1654 vindices
742 1593 774 1655 in
788 1593 892 1656 omnin
904 1592 1041 1657 Intentos
1053 1615 1132 1660 ocu·

111 1695 170 1757 los.
208 1696 358 1757 Erasmus
378 1694 462 1757 loede
483 1692 624 1755 discessit
650 1695 688 1754 ab
708 1693 874 1776 Evangelii
894 1695 1041 1776 negotio:
1073 1694 1132 1759 sed

106 1795 169 1877 jain
189 1795 319 1876 poenitet
339 1794 499 1858 hominem
518 1794 552 1856 in
570 1793 662 1877 pejus
682 1794 863 1856 commutati
883 1793 1027 1856 insliluli.
1064 1797 1133 1858 Ex·

106 1897 264 1979 postulavi
296 1918 369 1958 eum
399 1896 469 1972 illo,
503 1894 545 1957 ila
565 1917 614 1958 res
637 1893 787 1976 cogebat,
813 1893 970 1972 publicum
990 1915 1131 1972 eausam,

106 1999 193 2059 edito
215 1997 341 2070 libello,
361 1995 456 2078 quem
476 1995 576 2059 vides.
615 1996 686 2058 Vos
714 2015 845 2077 quoque
864 1993 935 2057 istie
959 1993 1031 2057 dale
1053 2016 1131 2076 ope·

106 2120 193 2172 rani,
223 2107 258 2157 ut
290 2118 330 2158 ne
362 2095 501 2160 defuisse
521 2096 648 2176 publico
668 2093 848 2156 videamini.
894 2092 998 2156 Saluta
1017 2114 1059 2156 ex
1077 2113 1129 2157 me

106 2196 351 2278 Aperbachun,
380 2207 411 2258 et
430 2195 582 2280 quicquid
603 2207 783 2259 nostrorum
804 2205 866 2268 esl;
894 2213 929 2257 ec
949 2193 1045 2257 literis
1067 2216 1130 2272 me,
1154 2200 1158 2207 '

110 2308 264 2380 qisnnlum
283 2307 388 2375 poles,
418 2296 519 2359 elelim
539 2298 722 2381 adloquere.
772 2296 878 2374 Quum
898 2294 1018 2357 scribes
1037 2313 1130 2371 vero,

105 2408 159 2460 sut
178 2392 345 2459 bue'snille
365 2397 404 2458 ed
426 2395 625 2477 zuinglium,
659 2407 711 2458 eut
731 2393 885 2457 Basileem
903 2394 943 2455 ed
964 2393 1130 2458 Oecolsm-

103 2496 249 2580 padium,
270 2494 392 2577 seipse
412 2496 492 2559 vale.
531 2496 647 2578 'sigini
665 2495 699 2559 in
712 2493 880 2572 Helvetiis,
899 2492 977 2559 XII.
996 2491 1129 2560 Celend.

103 2599 190 2681 Aug.
209 2597 259 2660 Μ.
273 2596 314 2659 D.
324 2594 462 2659 XXIII.
