2618 5108
305 94 780 286 ‘xp-*⁹1
823 260 840 270 ν

503 759 693 862 Dialogus.
905 737 909 743 .
1087 772 1158 846 163

123 963 190 1019 tata
218 956 320 1038 turpis
345 954 468 1020 consilii
495 955 652 1021 inveniar.
697 960 772 1042 Quo
792 959 877 1023 enirn
896 957 1052 1025 abducitis
1071 961 1159 1040 mibi,

122 1079 193 1141 quo
213 1058 328 1139 perditi
348 1058 513 1137 homines,
546 1059 692 1124 divinum
720 1060 911 1144 ingenium?
944 1084 1041 1146 quem
1061 1064 1159 1127 finem

120 1158 269 1236 iacietis,
299 1161 526 1244 corrumpendi
544 1175 683 1226 mentem
703 1162 913 1240 sanissimam,
943 1166 1092 1247 optimam
1110 1164 1161 1227 in-

120 1262 254 1326 dolem?
275 1261 406 1327 Credite
424 1263 500 1326 mibi
519 1264 665 1328 futurum
683 1276 748 1340 est,
779 1286 839 1346 pro
860 1265 973 1329 talibus
993 1266 1101 1342 sactis,
1122 1281 1160 1337 ut

120 1364 299 1445 condignas
325 1364 511 1449 persolvatis
543 1367 602 1428 toti
631 1365 806 1428 Germaniae
832 1387 950 1446 poenas.
1002 1368 1160 1431 Futurum

122 1477 180 1530 est.
227 1467 397 1530 Rationem
418 1466 503 1530 enim
523 1467 634 1551 exiget
653 1491 671 1531 a
692 1467 783 1529 vobis
803 1468 927 1530 seducti
946 1466 1006 1530 sibi
1025 1468 1158 1545 domini,

121 1577 157 1631 et
172 1569 320 1648 perversi
346 1569 560 1648 imperatoris.
607 1571 685 1631 Haec
712 1569 786 1631 mibi
812 1590 984 1652 permagna
1004 1567 1159 1632 incumbit

117 1689 207 1750 spes.
247 1670 398 1751 Quaedam
418 1669 512 1732 etiam
542 1682 627 1734 certa
658 1669 747 1754 quasi
776 1670 908 1734 scientia
942 1681 1000 1733 est.
1049 1672 1159 1751 Quare

118 1769 377 1833 obfirmatissime
397 1791 523 1851 semper
541 1772 634 1834 vobis
654 1773 809 1835 resistam.
848 1772 952 1834 Etiam
973 1770 1069 1855 siquo
1084 1793 1159 1854 per·
1274 1834 1282 1851 ‚

115 1872 249 1936 ditionis
265 1871 350 1935 ilium
367 1874 440 1935 ruihi
456 1873 667 1949 abduxeritis,
688 1872 842 1935 ultionem
857 1895 1019 1954 propono.
1044 1875 1158 1958 Atque

114 1971 218 2058 igitur
236 1971 402 2039 amicitiam
421 1974 515 2037 vobis
535 1973 732 2036 renunciabo
752 1973 854 2036 statim
873 1983 957 2054 post.

540 2106 739 2169 Monitor.

197 2221 289 2286 Illum
307 2225 478 2287 exhortare
498 2223 620 2304 potius,
652 2246 693 2286 ne
715 2235 842 2308 pergat,
870 2245 991 2307 paucos
1011 2221 1157 2289 homines

115 2322 164 2389 ita
190 2324 375 2406 suspicere,
403 2336 439 2388 ut
466 2325 592 2388 illorum
612 2325 822 2407 compendio,
854 2338 935 2390 nutu
962 2347 1000 2390 ac
1023 2324 1158 2390 libidiria

116 2424 227 2489 omnia
246 2425 352 2490 faciat.
811 2444 815 2451 ·

505 2542 764 2608 Franciscus.

196 2663 240 2725 Et
259 2661 454 2726 exhortabor
479 2661 616 2725 interim.
666 2662 782 2744 Neque
801 2663 915 2738 sinam,
947 2674 1103 2745 quantum
1120 2661 1157 2728 iu

118 2784 173 2827 sue
192 2772 256 2838 est,
277 2772 368 2824 tantae
390 2763 569 2826 obnoxium
589 2782 659 2826 esse
679 2762 861 2840 humilitati,
883 2775 919 2826 ut
937 2764 1100 2828 submittat
1118 2784 1156 2829 se

117 2865 269 2929 Romano
293 2865 468 2947 Episcopo.
508 2866 588 2926 Nam
606 2864 684 2947 quid
699 2865 842 2948 principe
860 2866 1026 2950 indignum
1042 2864 1155 2951 magis,
1193 2897 1196 2903 ·

120 2986 218 3050 quam
238 2965 355 3049 quibus
382 2965 539 3047 imperare
559 2966 676 3044 debet,
708 2967 824 3030 borum
850 2967 940 3046 jussa
966 2967 1097 3032 facere?
1115 2966 1155 3031 iis

115 3065 320 3132 ministrare?

540 3201 733 3266 Monitor.

194 3276 360 3396 uuupn
379 3317 560 3394 christum,
578 3317 666 3382 ..nu
702 3318 843 3383 uitetur
859 3319 935 3384 mni
957 3317 1155 3385 enmnnan

116 3431 212 3496 esse,
233 3437 270 3480 ac
289 3419 340 3481 sui
360 3417 528 3483 diffidentis
548 3420 613 3481 baec
632 3420 873 3485 obsecundatio.

499 3555 757 3618 Franciscus.

196 3669 325 3752 Quodsi
345 3668 378 3732 in
397 3667 470 3732 satis
494 3671 556 3734 boc
578 3672 621 3734 illi
639 3682 703 3747 est,
724 3683 787 3734 tam
804 3670 896 3734 facile
914 3667 1002 3732 malis
1015 3678 1050 3729 ut
1063 3667 1157 3732 cedat

120 3769 276 3848 consiliis,
302 3769 396 3834 etiam
415 3772 511 3852 paulo
531 3783 605 3854 post
624 3771 716 3836 facile
736 3784 772 3834 ut
790 3783 919 3855 pereat,
940 3792 1010 3835 esse
1029 3781 1121 3855 putu.

534 3905 732 3971 Munitor.

194 4017 240 4082 At
269 4016 313 4080 itti
346 4039 457 4082 omues
487 4020 614 4086 interim
640 4027 782 4091 honores
808 4028 893 4110 apud
919 4029 1004 4090 bunc
1023 4047 1155 4110 percur-

114 4127 213 4195 runt,
244 4119 371 4204 solique
400 4135 493 4200 sunt,
529 4147 612 4207 quos
643 4127 677 4189 in
705 4128 806 4193 oculis
837 4129 948 4204 habet,
975 4140 1007 4193 et
1036 4128 1155 4191 utiliter

114 4218 236 4283 evehit.
288 4224 393 4304 Quem
422 4236 459 4286 ut
490 4225 587 4289 video
620 4229 741 4309 Uiyssis
778 4229 944 4311 cujusdam
973 4233 1156 4312 exemplum

111 4317 232 4384 imitari
254 4323 416 4405 oportuit,
435 4340 473 4389 ut
492 4348 566 4392 cera
584 4329 739 4396 obturatis
758 4331 905 4412 auribus,
925 4333 1009 4396 inter
1027 4334 1086 4396 bos
1104 4353 1156 4396 se·

113 4420 211 4486 deret
229 4424 303 4488 talia
321 4427 500 4492 suadentes.
576 4437 581 4443 '
