2618 5108
190 783 295 856 ’Μ
448 801 453 808 ’
504 800 509 808 ’
589 775 813 874 ‘Einleitung.

287 961 386 1045 ¹Eine
420 953 573 1042 dritte
607 969 776 1067 Ausgabe
815 992 890 1044 von
930 964 1109 1043 Sallustius
1149 967 1217 1040 mit

199 1087 485 1183 Anmerkungen
511 1107 585 1155 von
608 1087 782 1157 mehrern
808 1083 1110 1158 Schrilistellern:
1136 1083 1217 1154 Bag

200 1195 437 1288 sileae15at,
469 1196 575 1292 apud
600 1197 748 1270 Joann.
796 1201 1031 1291 Hemaqium
1062 1199 1108 1270 ist
1132 1201 1217 1272 sehr

201 1312 318 1384 aelten
344 1312 562 1410 geworden‚
600 1310 763 1382 belindet
798 1311 874 1382 sich
910 1313 947 1383 in
985 1313 1053 1383 der
1085 1313 1232 1385 Raths-.

113 1430 114 1434 ’
200 1424 403 1498 bibliothck
429 1448 475 1497 zu
497 1421 673 1520 Leipzig,
709 1424 785 1496 und
820 1426 882 1496 hat
906 1423 973 1497 auf
1006 1426 1074 1497 der
1093 1417 1243 1498 Rtick-'

202 1538 293 1610 acite
332 1539 398 1610 deo
420 1536 648 1611 Titelblattea
681 1536 872 1637 folgenden
906 1562 980 1613 von
1013 1538 1217 1637 Hcrvagiua

201 1650 426 1752 beigeaetzt:

556 1859 623 1934 Ad
670 1861 864 1933 lectorem:

206 2204 306 2322 Quid
341 2227 374 2295 in
411 2235 574 2300 autoribus
610 2247 721 2315 praeaer
747 2231 881 2294 hiatoriaa
914 2248 1089 2313 suspectam
1123 2240 1222 2303 tidem

206 2335 410 2416 quarendum
429 2335 482 2408 sit,
515 2335 646 2397 candide
667 2335 802 2407 Lector,
834 2331 903 2407 ejus
923 2334 1080 2412 specimen
1102 2339 1222 2400 lumin

206 2432 288 2505 aliis,
309 2444 375 2492 tum
396 2435 456 2494 hoc
475 2446 540 2495 uno
555 2435 698 2497 Sallustio
717 2433 856 2497 dilucidae
879 2431 1037 2494 brevitatis
1057 2437 1222 2511 historico,

205 2542 379 2596 Huldricus
403 2544 558 2598 Huttenus
583 2546 729 2597 contente
751 2531 884 2595 effinxit:
913 2553 983 2593 cum
1009 2556 1078 2616 quac
1107 2549 1224 2601 ornatu

205 2632 390 2715 propriora,
418 2635 647 2715 compositione
670 2647 701 2697 ct
718 2633 930 2697 elocutionum
954 2635 1055 2698 modis
1086 2633 1225 2716 insignia

208 2740 362 2817 camarii,
396 2764 464 2825 quae
483 2763 543 2806 nos
563 2745 624 2807 hoo
650 2730 802 2826 signo?
835 2741 874 2802 ad
894 2743 1019 2804 alteram
1039 2743 1223 2821 dictionem,

210 2869 274 2932 qua
292 2871 343 2913 res
363 2851 456 2913 haerct
477 2850 692 2932 depinximus,
712 2853 767 2914 nbi
785 2873 863 2914 vcro
881 2850 1043 2912 consilium
1059 2863 1224 2929 attentum,

206 2934 263 3023 aut
290 2951 381 3040 ¹quod
411 2972 516 3014 morea
542 2949 702 3036 vitamque
729 2950 889 3015 homiuum
918 2962 1044 3030 arguat,
1072 2952 1110 3013 ad
1140 2973 1224 3014 mar-

207 3067 313 3149 ginem
346 3063 376 3148 )
408 3067 486 3139 (sed
514 3066 548 3120 in
578 3065 646 3136 ipso
662 3061 754 3130 ,libro
772 3061 830 3115 hoc
848 3061 1019 3134 siqnum‚‚)
1047 3059 1222 3141 posuimus.

207 3159 280 3236 Hoc
308 3169 403 3249 igitur
425 3166 570 3245 exemplo
590 3162 623 3225 in
641 3161 760 3223 caetcris
779 3180 875 3222 versae
901 3158 1081 3238 autoribus,
1114 3172 1145 3222 ct
1163 3161 1225 3222 mi-

131 3311 134 3323 .
208 3291 276 3336 rum
311 3278 460 3353 quantum
488 3266 623 3340 fractus,
659 3283 724 3346 quo
751 3261 889 3351 linguam
919 3272 952 3324 et
977 3283 1081 3324 mores
1110 3264 1225 3344 fingas,

207 3351 297 3435 larevi
317 3368 453 3431 accedat.
490 3363 603 3429 Valet,
917 3363 920 3371 ’
