2618 5108
185 807 255 879 388
338 803 415 877 Ulr.
441 806 487 877 ab
513 801 654 878 Hutten
679 827 763 878 cum
788 804 944 880 Erasmo
970 807 1055 880 Rot.

184 1017 245 1079 pro
272 1020 338 1081 quo
359 1000 480 1064 mallem
504 997 613 1074 alium,
651 997 678 1059 si
707 1008 743 1060 tu
772 1000 850 1063 elius
877 1021 947 1063 esse
973 1002 1080 1063 velles.
1127 1000 1212 1065 Cum

184 1120 265 1162 vero
287 1099 468 1163 decreveris
500 1111 611 1162 contre
634 1098 784 1163 virtutem
805 1111 836 1162 et
854 1101 1002 1183 pietatem
1021 1104 1212 1181 confirmare

184 1202 299 1276 malos,
328 1198 452 1281 ejiciam
472 1199 590 1263 invitus
616 1199 690 1262 licet
708 1202 804 1263 multe
824 1221 866 1262 ex
886 1202 1009 1278 animo,
1039 1224 1108 1284 que
1128 1205 1213 1266 sole·

184 1301 260 1364 bant
284 1321 356 1364 esse
388 1300 463 1363 milri
492 1300 651 1381 precipue
677 1298 760 1362 inite
789 1313 894 1365 tecum
915 1302 1056 1365 amicitie
1076 1304 1213 1367 vincula.

184 1403 265 1466 Nam
277 1401 415 1485 quidtua
426 1421 489 1484 ego
500 1400 666 1463 benefacta
679 1402 832 1465 memoria
842 1415 977 1479 teneam,
994 1425 1063 1487 que
1076 1405 1123 1466 vis
1142 1405 1212 1484 ipse

183 1513 342 1587 perpetue
362 1499 523 1565 oblivione
544 1523 587 1564 ex
606 1501 771 1565 bominum
791 1503 901 1568 animis
921 1504 1064 1584 adempta
1085 1517 1116 1566 et
1136 1507 1213 1568 sbo-

183 1605 260 1670 tiu?
292 1606 335 1667 Et
361 1626 431 1688 quae
459 1602 668 1685 pulcherrima
698 1604 792 1686 egisti
819 1617 914 1688 atque
941 1604 1118 1682 utilissime,
1144 1628 1212 1668 uon

182 1718 305 1771 tentum
322 1705 482 1786 improbas
502 1713 533 1766 et
552 1714 718 1780 retrectas,
738 1707 795 1768 sed
816 1707 974 1768 contraria
991 1727 1123 1789 quoque
1138 1729 1213 1789 pro·

130 1879 135 1890 Ι
183 1807 260 1870 fers.
300 1805 420 1868 lterum
439 1805 533 1868 dico:
566 1802 696 1876 miseret
715 1828 765 1868 me
785 1807 842 1869 tui.
881 1808 944 1870 Sed
963 1819 998 1870 tu
1024 1818 1056 1870 te
1080 1810 1213 1885 dignum

182 1907 402 1975 misericordia
421 1907 524 1971 videri
543 1928 610 1969 non
629 1907 688 1969 vis.
728 1907 774 1969 lta
788 1920 979 1970 occaecatum
992 1909 1212 1987 reddiderunt,

183 2011 282 2096 quite
293 2020 527 2092 perverterunt.
548 2008 673 2089 Quibus
689 2029 784 2090 quam
799 2008 891 2071 lecile
908 2021 1033 2089 poteras
1050 2011 1210 2087 resistere,

183 2112 210 2175 si
229 2111 280 2175 vir
299 2132 369 2175 esse
389 2111 556 2173 voluisses.
594 2108 691 2172 Certe
711 2107 739 2170 si
758 2109 833 2172 nihil
852 2107 954 2186 aliud,
975 2113 1084 2173 saltem
1104 2112 1213 2175 memi-

184 2213 269 2276 nisse
289 2212 447 2286 debebas,
468 2221 622 2291 perpetua
643 2221 674 2271 te
693 2208 787 2272 nobis
808 2212 1001 2274 verecundia
1015 2212 1214 2277 obstrictum.

185 2314 332 2394 Quorum
361 2323 397 2374 ut
424 2310 561 2395 quisque
590 2309 703 2392 saepius
734 2311 774 2372 ad
802 2312 866 2373 hec
894 2314 1074 2375 conandum
1099 2327 1213 2395 perte

182 2412 349 2475 instinctus
371 2422 418 2473 est
435 2422 467 2472 et
483 2411 656 2486 excitatus,
676 2409 725 2497 itu¹
736 2413 922 2491 pudendum
941 2412 1039 2495 magis
1059 2415 1213 2478 ruborem

89 2508 115 2525 “
163 2568 166 2575 .
182 2510 390 2594 expresserit,
408 2511 434 2573 si
448 2510 480 2573 iu
496 2510 608 2575 faciem
622 2523 770 2573 occurret
784 2522 940 2595 uuquam.¹
953 2516 1047 2576 Hunc
1061 2527 1094 2577 tu
1108 2517 1214 2595 pudo-

181 2637 249 2679 rem
262 2614 426 2698 quomodo
439 2613 546 2676 leres?
566 2615 631 2677 Aut
642 2615 681 2676 ad
696 2635 745 2675 me.
758 2635 819 2696 qua
829 2615 935 2677 lroute
950 2617 1030 2693 eris,
1052 2619 1211 2701 siquando

182 2714 355 2780 incidero?
375 2715 445 2777 Nisi
464 2715 548 2776 haud
567 2726 615 2777 est
634 2716 695 2777 hoc
716 2713 861 2793 primum,
883 2718 939 2779 sed
959 2729 1029 2780 aute
1052 2720 1145 2782 etiam
1166 2721 1213 2784 sie

183 2818 402 2899 deprehensus
423 2836 476 2891 es,
497 2827 528 2876 et
549 2815 784 2878 cousuetudine
805 2816 976 2881 occalluisti
998 2818 1070 2900 jum.
1110 2821 1212 2905 Equi·

181 2919 254 2983 dem
274 2917 429 2980 difficilem
448 2938 514 2979 rem
535 2913 660 2997 judico,
682 2935 719 2976 no
737 2917 830 2979 valde
849 2917 963 2994 miror,
985 2941 1024 2980 an
1036 2921 1092 2996 sit,
1115 2944 1213 3005 quem

183 3040 280 3104 ogere
301 3016 370 3079 talia
390 3038 457 3078 non
476 3017 604 3098 pudent.
644 3015 822 3097 Quomiuus
835 3022 950 3095 metui,
970 3019 1046 3082 inte
1061 3043 1211 3087 casurum

112 3119 113 3122 ’
137 3173 139 3177 1
183 3117 362 3183 istiusmodi
380 3129 511 3179 motum.
550 3119 628 3195 Qun
654 3117 776 3179 solebas
796 3139 904 3182 serere
924 3132 958 3181 et
973 3124 1113 3204 plantare
1129 3125 1208 3207 ipse,

184 3241 254 3306 quae
274 3219 480 3299 instinguere'
492 3228 523 3278 et
543 3237 733 3298 suggerere,
755 3218 787 3281 in
807 3241 844 3282 ea
864 3241 963 3297 uune,
985 3223 1082 3285 veluti
1104 3225 1210 3308 piacu-

182 3325 248 3388 lum
268 3321 429 3406 quoddam
459 3318 614 3400 sauguiue
642 3318 808 3394 luendum,
836 3320 974 3384 violenta
993 3325 1049 3386 ista
1070 3340 1122 3389 tus
1143 3332 1210 3392 elo·

183 3423 313 3509 quentia
334 3422 490 3501 increpas.
529 3424 607 3500 Quae
627 3430 735 3501 posset
754 3419 852 3503 magis
872 3421 904 3484 iu
924 3429 1117 3491 contrarium
1139 3433 1210 3495 lieri

183 3524 339 3591 mutatio?
366 3524 410 3587 At
429 3522 462 3584 id
481 3522 584 3605 ipsum
603 3520 680 3582 lacis
700 3522 801 3583 adbuc
821 3544 927 3606 neque
948 3527 1063 3590 ardore
1083 3534 1208 3609 mentis,

183 3639 237 3690 eut
263 3625 358 3689 animi
389 3635 497 3700 motu,
532 3625 585 3684 vel
611 3623 810 3684 conscientias
836 3625 1004 3704 instinctu,
1039 3652 1147 3713 neque
1173 3645 1209 3696 ut

181 3749 282 3792 eausae
314 3726 407 3789 toties
433 3724 487 3787 abs
520 3735 551 3785 te
578 3723 716 3804 probate
743 3724 902 3802 diffidens,
930 3729 987 3790 sed
1016 3731 1208 3813 ambitionis,

122 3837 125 3841 '
181 3835 230 3911 (ut
260 3827 412 3912 equidem
437 3825 599 3901 existimo)
634 3826 752 3899 ductu,
787 3837 818 3892 et
851 3828 926 3909 quia
963 3833 1070 3910 plures
1104 3834 1207 3919 vides,

180 3930 329 4013 inprimis¹
350 3925 613 4008 potentissimum
628 3947 810 4010 quemque,
836 3929 868 3990 iu
895 3930 1053 3996 diversum
1084 3949 1207 4017 partem

180 4031 337 4099 inclinatis
366 4048 436 4091 esse
468 4027 596 4103 animis,
629 4049 724 4109 quam
752 4040 786 4093 ut
813 4029 1000 4094 obtenturos
1027 4058 1086 4099 uos
1114 4043 1206 4120 quod

181 4154 333 4209 conamur
359 4128 529 4192 arbitreris.
567 4128 714 4190 Forsitan
740 4141 772 4190 et
796 4152 927 4195 munera
956 4136 1062 4199 habes.
1103 4144 1206 4223 Quam

181 4239 222 4303 de
248 4249 279 4299 te
310 4229 523 4311 suspicionem
548 4228 625 4292 lacis
659 4229 691 4290 in
721 4230 784 4293 tuis
813 4231 881 4312 ipse
908 4234 1024 4312 literis,
1051 4239 1205 4318 jactanter

181 4342 363 4416 confitens,
385 4330 525 4414 ingentis
552 4329 694 4411 polliceri
724 4329 793 4395 illos
820 4332 887 4396 tibi.
936 4335 1033 4400 Certe
1053 4363 1203 4428 magnum

142 4447 144 4452 '
180 4437 301 4525 aliquid
332 4445 366 4499 et
389 4431 603 4498 necessarium
635 4431 756 4495 incidit.
806 4433 905 4500 Plane
932 4442 1017 4504 nutu
1045 4453 1077 4506 te
1109 4449 1208 4517 nobis
