2618 5108
85 39 972 289 m

644 1032 672 1105 Ι.

223 1238 312 1329 Ad
368 1242 725 1356 Praepositum
784 1240 1078 1355 quemdam.

156 1467 488 1555 (Bartholomaeum
532 1466 762 1558 Bernhardi,
813 1465 1158 1569 Cambergensem.)

140 1813 336 1908 inferiorem
369 1862 420 1905 me
449 1860 520 1904 esse
551 1862 670 1918 nosco,
708 1841 751 1906 sni
780 1843 1007 1925 spectatissime
1034 1840 1174 1910 Domine

139 1946 336 2025 Praeposite,
370 1965 465 2026 quam
485 1954 520 2005 ut
540 1945 580 2004 T.
604 1944 645 2005 D.
667 1942 699 2004 in
719 1967 755 2007 re
775 1957 837 2007 tam
863 1945 1085 2009 cunctabunda
1105 1967 1174 2009 mo·

138 2048 215 2110 dum
251 2044 462 2127 praescribam.
511 2045 636 2128 Verum
665 2047 747 2107 malo
778 2048 819 2108 Τ.
848 2045 891 2108 D.
917 2045 950 2108 in
969 2048 1032 2109 hoc
1050 2068 1175 2132 morem

139 2148 301 2230 gerendo,
354 2144 536 2208 temeritatis
588 2157 696 2207 notam
735 2146 917 2224 incurrere,
971 2169 1067 2232 quam
1097 2147 1176 2212 nihil

136 2249 368 2331 respondendo
388 2247 577 2329 obsequium
598 2245 740 2308 debitum
760 2247 932 2333 denegare.
973 2247 1094 2330 Accipe
1114 2246 1175 2336 igi·
1282 2317 1285 2327 ,

136 2363 211 2428 tur,
233 2348 419 2433 dignissime
433 2348 573 2411 Domine
587 2346 778 2428 Praeposile,
801 2349 880 2433 quid
899 2350 1047 2413 sentiam!
1069 2350 1175 2413 Fame

112 2434 114 2438 Ι
138 2464 201 2516 nse
228 2452 383 2530 jacturam
415 2469 617 2532 nequaquam
637 2449 744 2511 vereri
763 2462 861 2530 puto,
892 2461 960 2514 tum
978 2450 1072 2536 quod
1088 2450 1175 2515 iilus-

137 2556 196 2618 tris
223 2553 306 2615 illius
339 2551 474 2613 Beronis
501 2547 667 2632 presentia
698 2550 945 2615 contubernium
975 2572 1041 2613 non
1067 2563 1175 2633 potest

139 2677 209 2720 non
238 2674 360 2716 summe
387 2654 570 2725 honestare;
606 2661 673 2710 tum
701 2652 791 2732 quod
817 2651 903 2713 illum
932 2649 1036 2731 ipsum
1054 2653 1174 2731 potius,

143 2777 241 2843 quam
261 2765 411 2820 Elsulam
431 2763 560 2816 secutus
581 2750 752 2813 videberis.
803 2753 929 2833 Quare,
961 2750 1121 2836 quidquid
1141 2751 1177 2827 in
1261 2739 1262 2742 Ἴ

137 2862 198 2926 hac
216 2881 252 2922 re
273 2859 407 2931 feceris,
439 2852 575 2917 feliciter
594 2853 704 2930 cedat,
729 2864 820 2935 opto.
859 2853 952 2917 Vale.
990 2853 1033 2917 D.
1052 2855 1092 2916 E.
1113 2852 1174 2918 Vl.

136 2948 216 3029 J'nn
235 2960 284 3022 n.
299 2960 340 3023 n.
351 2957 446 3021 nni.
