2618 5108
121 255 482 279 >nra-warum·-

496 780 761 892 Expostulatio.
923 774 928 785 ’
954 790 958 805 “
1057 788 1136 871 llll

105 970 144 1042 re
166 962 325 1060 perlicere
344 975 430 1039 barad
458 974 634 1057 ignorares.
681 978 797 1061 Neque
828 977 920 1055 itero,
951 980 979 1042 si
1010 981 1136 1048 iliorum

101 1076 190 1140 forte
225 1076 317 1139 minis
354 1075 585 1152 concessisses,
623 1087 742 1140 tantum
768 1081 925 1159 potuisses
960 1081 1133 1150 ferocitati·

101 1193 249 1253 sumere,
284 1187 320 1238 ut
350 1196 432 1259 quos
461 1177 577 1240 amicos
605 1178 767 1242 habuisses
795 1183 891 1261 paulo
911 1192 1000 1256 ante,
1024 1183 1058 1244 in
1074 1204 1134 1248 coe

101 1290 168 1341 tam
196 1277 402 1340 inclementer
429 1276 534 1340 subito
561 1279 764 1360 insurgeres.
812 1283 854 1343 Et
878 1282 1048 1345 verisimile
1068 1304 1134 1346 non

107 1379 292 1455 ridebatur,
328 1377 367 1439 ab
387 1378 492 1441 hostili
521 1389 646 1441 terrore
672 1391 735 1442 tam
766 1393 897 1461 repente
923 1396 1033 1447 contra
1057 1406 1134 1450 sues

103 1479 283 1563 'quempiam
304 1479 440 1541 efferari.
489 1481 570 1541 Nam
589 1490 621 1543 te
640 1482 789 1544 acerbum
815 1494 847 1545 et
865 1482 1014 1547 immitem
1036 1485 1132 1550 video

104 1579 160 1642 ibi.
198 1574 329 1642 Interim
349 1599 409 1642 nec
427 1579 504 1642 ittud
524 1582 708 1661 persuaderi
728 1584 848 1664 potuit,
882 1584 973 1667 quasi
992 1587 1131 1649 meliori*

102 1680 163 1745 bus
184 1680 338 1754 inventis,
359 1679 406 1742 sic
426 1691 459 1741 te
479 1680 627 1743 damnare
648 1682 797 1762 pristina,
817 1694 850 1745 et
869 1685 978 1767 agnito
997 1685 1131 1750 instituti

99 1798 234 1858 errore,
265 1781 304 1842 ab
328 1780 395 1861 ipsa
417 1780 610 1843 conscientia
629 1781 805 1863 impositam
824 1783 896 1861 tibi,
922 1806 988 1848 non
1008 1788 1135 1852 divers!

102 1893 224 1945 tantum
244 1881 417 1957 sentiendi,
449 1901 561 1944 verum
589 1883 654 1943 haec
683 1883 775 1946 etiam
788 1888 855 1965 'pro
875 1885 997 1950 viribus
1017 1894 1150 1951 retrac‘

100 1983 192 2045 tandi
224 1993 256 2042 et
285 1980 484 2062 improbandi
516 1981 747 2046 necessitatem.
796 1986 876 2047 Nam
902 1987 965 2049 hoc
989 1987 1016 2050 si
1036 2000 1132 2067 essct,

108 2103 170 2146 nec
195 2084 420 2144 insectatumm
447 2082 546 2145 luisse
577 2094 724 2161 autores,
756 2084 946 2167 quibuscum
972 2087 1049 2152 nihil
1066 2098 1134 2154 nob

110 2201 241 2257 eorum,
276 2202 346 2266 que
374 2182 504 2264 objicis,
541 2204 709 2247 commune
742 2184 800 2247 tibi
836 2197 902 2262 est,
935 2197 968 2249 et
999 2182 1133 2255 usurum

104 2283 297 2359 rationibus,
320 2304 398 2366 quas
417 2284 510 2347 affers
524 2284 654 2347 omnino
667 2286 783 2362 nullas3
806 2308 912 2370 neque
925 2287 959 2350 id
974 2302 1132 2369 conatum,

103 2407 174 2468 quae
194 2402 297 2465 prope
317 2404 437 2448 summa
456 2384 514 2448 tibi
526 2384 560 2446 in
579 2406 619 2447 eo
639 2385 757 2468 scripto
771 2389 854 2450 lucta
872 2398 937 2464 est,
957 2400 994 2451 ut
1005 2392 1131 2473 opinio·

93 2504 175 2548 nem
207 2484 394 2548 adversariis
431 2483 544 2562 iacias,
574 2506 735 2569 nunquam
766 2486 886 2571 aliquid
913 2501 1024 2554 contra
1042 2492 1129 2574 ipsos

100 2596 134 2647 te
154 2596 340 2660 attentasse,
374 2596 407 2647 et
432 2607 502 2670 quae
522 2585 700 2668 planissime
727 2585 819 2648 simul
844 2599 939 2670 atque
959 2592 1129 2656 accerrima
1203 2636 1208 2644 -

103 2686 219 2766 scripta
239 2695 328 2762 sunt,
349 2697 458 2748 coacta
477 2684 738 2768 interpretatione
757 2686 872 2763 lenias,
900 2708 1129 2774 nonnunquam

105 2786 183 2849 illito
203 2784 295 2847 etiam
309 2785 387 2848 fuco
405 2786 553 2868 obtegas,
573 2805 685 2849 verum
703 2785 777 2848 satis
792 2786 972 2850 habiturum
987 2810 1130 2854 errorem

104 2884 214 2963 lateri,
235 2897 268 2948 et
288 2887 385 2967 culpae
401 2886 526 2949 veniam
539 2886 672 2968 precari.
702 2885 804 2970 Igitur
822 2887 907 2950 aliud
923 2889 1035 2966 subiit,
1055 2911 1132 2956 nuru

97 2997 138 3049 tu
157 2987 243 3051 sorte
257 2992 390 3049 munera
404 2986 599 3068 accepisses,
619 2988 725 3049 autad
743 2988 899 3051 bonorem
921 2990 1059 3074 aliquem
1081 3001 1131 3056 re·

105 3087 256 3168 spiceres.
277 3088 432 3149 ludebant
452 3108 519 3150 cam
540 3087 786 3170 cogitationem,
811 3111 881 3172 quae
901 3100 936 3153 tu
958 3091 1026 3173 ipse
1041 3077 1132 3156 ‘com-

95 3194 277 3263 memoras,
298 3187 338 3250 de
356 3187 409 3249 illo
431 3187 600 3271 magnifico
610 3188 743 3251 Adriani
754 3189 919 3254 Pontificis
930 3192 1048 3268 Brevi,
1064 3211 1129 3276 quc

97 3288 222 3351 bullum
236 3289 337 3350 athuc
353 3288 500 3368 accepisti
520 3291 572 3349 vet
590 3289 762 3366 amantius,
784 3292 836 3373 vel
855 3292 1128 3371 honorificentius,

100 3388 203 3465 adeo,
222 3398 258 3448 ut
268 3399 298 3449 te
308 3387 352 3450 ibi
363 3389 469 3450 laudet
480 3386 584 3449 etiam.
610 3388 847 3453 DeSedunensi
865 3391 1049 3470 Cardinale,
1071 3415 1127 3477 qur

89 3474 257 3572 pollicitus
276 3488 334 3550 tibi
355 3499 416 3565 est,
449 3486 476 3550 si
496 3489 629 3550 Romam
648 3490 782 3570 migres,
809 3492 1001 3574 quingentos
1023 3514 1128 3557 annue

100 3590 232 3653 (iuratos
259 3591 299 3651 dc
327 3608 407 3665 suo,
441 3599 472 3650 et
501 3589 650 3650 viaticum
672 3590 830 3651 munifice.
868 3590 920 3652 De
946 3593 1126 3657 reverendo

100 3691 197 3754 Patre
217 3691 379 3770 Sylrestro
402 3688 565 3763 Prierate,
588 3699 620 3749 et
651 3689 717 3750 aliis
739 3692 944 3772 quibusdam,
971 3693 1076 3774 quite
1095 3705 1128 3758 et

99 3791 161 3872 ipsi
175 3790 295 3872 magnis
309 3788 545 3851 conditionibus
557 3789 691 3850 Romam
703 3801 835 3866 vocant,
854 3792 936 3854 inter
949 3814 1030 3877 quos
1043 3814 1126 3858 unus

97 3890 230 3975 quidam
254 3890 465 3953 sacerdotium
494 3909 559 3949 non
586 3891 816 3970 aspernandum
836 3893 946 3978 offert,
979 3912 1125 3959 cessurus

101 3991 231 4075 quondo
252 3992 357 4065 voles,
381 4001 413 4050 et
433 4010 504 4050 cum
524 3987 650 4064 scribis,
670 3989 787 4069 injuria
807 3992 940 4053 clamare
960 3994 1140 4077 quosdam,'

101 4092 206 4173 praeda
225 4102 411 4172 corruptum
431 4102 462 4152 te
483 4088 548 4151 veri
568 4090 778 4170 patrocinium
800 4091 960 4154 deserere.
997 4094 1125 4157 Namti

101 4192 235 4274 praemiis
256 4193 295 4254 ad
314 4195 375 4254 boc
394 4192 509 4254 bellum
529 4189 666 4274 pertrahi
685 4189 859 4271 potuisses,
879 4190 943 4273 jam
962 4193 1036 4254 olim
1054 4216 1126 4274 per·

100 4305 235 4358 tractum
264 4293 375 4356 luisse.
427 4293 503 4353 Haec
522 4290 641 4354 nemini
669 4312 734 4352 non
753 4303 888 4369 possunt
913 4291 1125 4371 suspicionem

98 4395 225 4470 tacere,
247 4392 407 4475 accepisse
427 4391 566 4475 aliquid,
585 4392 637 4454 cui
655 4391 750 4453 toties
771 4391 909 4453 oblatum
929 4392 981 4454 sit.
1017 4396 1123 4460 Facile
