2618 5108
153 821 226 901 289
279 812 652 914 ‚dd‘Imperatorem
680 811 868 885 Caesarem
895 809 1068 887 Caroiutn

153 1005 283 1070 nitatem
309 1018 421 1070 contra
448 1027 504 1071 eos
530 1002 590 1089 qui
608 1001 917 1085 contemptumbuic
935 1000 1101 1083 injiciunt,
1131 1002 1189 1066 de·

151 1108 265 1171 *fendat
290 1129 490 1171 communem
521 1107 695 1168 Germaniae
714 1108 907 1181 libertatem,
943 1106 1096 1167 adversus
1116 1103 1188 1166 vio-

159 1207 348 1273 lentissimos
383 1229 591 1290 oppressores
627 1218 769 1282 uisatur,
805 1218 909 1267 tamen
939 1227 1006 1268 non
1037 1216 1142 1284 potest
1156 1206 1187 1282 ᾖ)

157 1312 245 1373 salvo
266 1309 356 1387 jure,
387 1309 480 1374 salvis
500 1307 640 1391 legibus,
670 1319 706 1368 ut
733 1309 785 1370 cui
809 1307 928 1369 crimen
948 1304 1189 1385 imputatumei

157 1411 298 1474 dicenda
318 1433 418 1472 causa
438 1421 578 1491 potestas
605 1428 670 1471 non
701 1411 764 1473 fist.
815 1410 915 1469 Etiam
936 1408 1099 1487 parricidis
1121 1426 1188 1471 non

157 1508 306 1574 adimitur
336 1510 495 1574 defensio.
549 1512 617 1573 Nec
644 1515 742 1574 ullum
774 1524 835 1572 tam
863 1532 961 1594 grave
992 1511 1094 1572 scelus
1128 1522 1187 1586 est,

158 1612 249 1694 quod
276 1632 344 1674 non
374 1613 414 1675 ad
437 1610 589 1692 judicium
615 1612 723 1692 prius,
759 1635 853 1695 quam
873 1612 912 1673 ad
932 1633 1055 1691 poeiram
1075 1611 1188 1674 venire

160 1712 285 1776 debeat.
336 1715 409 1794 Quo
439 1713 475 1777 fit
503 1727 539 1776 ut
559 1712 711 1792 optimum
733 1734 909 1796 quemque,
941 1711 1081 1775 omnium
1102 1712 1190 1774 ordi·

160 1835 253 1889 uum,
276 1813 381 1875 animo
403 1825 564 1876 commoto
586 1813 669 1875 circa
689 1825 720 1874 te
736 1815 922 1894 conspicias.
967 1816 1083 1896 Neque
1102 1813 1189 1876 enim

159 1935 254 1999 quam
266 1917 325 1976 lata
340 1927 389 1978 est
404 1913 589 1990 Germania,
611 1916 665 1975 ulli
679 1914 757 1976 boni
770 1927 859 1989 sunt,
883 1913 996 1995 quibus
1013 1935 1078 1976 non
1092 1917 1189 1978 velie-

159 2027 282 2079 menter
302 2016 393 2080 cordi
411 2016 450 2077 sit
469 2018 530 2077 hoc
549 2015 723 2095 negotium.
768 2013 973 2079 Admirantur
992 2037 1059 2077 rem
1079 2014 1189 2078 insoli-

150 2128 236 2207 tam,
264 2128 393 2199 stupent
416 2117 588 2180 novitatem
614 2115 801 2191 inauditam,
824 2113 1051 2177 incredibilem.
1091 2116 1188 2178 Pane

156 2230 247 2281 extra
267 2238 302 2279 se
321 2216 418 2298 positi
438 2229 540 2292 sunt,
555 2218 822 2296 contemplatione
851 2215 1020 2278 atrocitatis
1051 2217 1186 2292 eximiae,

156 2318 366 2392 detestandae,
386 2317 565 2394 malitiosae,
590 2319 747 2380 maleficae.
787 2318 922 2396 Quidam
942 2317 1070 2380 fremitu
1091 2318 1187 2380 etiam

157 2438 222 2501 quo
237 2417 299 2480 sint
320 2417 442 2492 animo,
464 2439 592 2501 quaque
607 2421 766 2481 voluntate
785 2429 947 2480 testantur.
987 2418 1051 2480 Soli
1067 2430 1188 2482 restant

157 2517 253 2580 otiosi
279 2520 480 2594 sacerdotes,
506 2530 601 2601 atque
621 2516 642 2579 ii
661 2527 797 2586 Lutlreri
816 2517 1062 2581 criminationem
1083 2541 1125 2580 ex
1146 2541 1186 2582 eo

155 2617 340 2696 intendunt,
363 2621 453 2701 quod
473 2621 623 2683 iscontra
635 2641 690 2682 sua
705 2621 861 2694 instituta,
885 2640 973 2681 suam
986 2618 1188 2682 immodicam

157 2732 362 2801 potestatem,
383 2743 476 2785 suum
496 2721 617 2784 foedum
635 2723 760 2796 luxum,
795 2735 827 2783 et
846 2722 1034 2801 depravatos
1056 2719 1188 2783 vivendi

144 2821 250 2897 ritus,
285 2844 343 2904 pro
366 2820 487 2886 Christi
513 2820 674 2898 doctrina,
708 2843 768 2909 pro
802 2821 901 2903 patria
930 2822 1089 2897 libertate,
1124 2844 1186 2902 pro

151 2923 249 2987 bonis
288 2923 431 2986 moribus
465 2922 628 3002 scripserit
661 2944 697 2984 ac
731 2921 857 2984 dixerit.
917 2923 1071 2986 Fremunt
1101 2925 1186 2988 enim

151 3023 278 3092 tuuum
304 3022 469 3087 interverti
499 3023 578 3097 sibi,
612 3044 740 3084 suavem
762 3023 842 3084 illam
862 3022 994 3085 vivendi
1014 3036 1187 3087 consuetu-

148 3123 255 3187 daem
284 3123 451 3203 abrumpi,
481 3122 680 3203 tyrannidem
707 3123 835 3186 aboleri.
889 3125 987 3204 Quod
1018 3124 1094 3208 quia
1124 3125 1186 3204 ipsi

150 3222 240 3286 aliter
273 3223 540 3303 interpretantur,
579 3224 643 3305 jam
666 3223 736 3285 sere
764 3223 842 3286 exiit
876 3223 1007 3305 opinio,
1043 3227 1185 3289 haeresim

147 3343 264 3406 sapere
304 3326 396 3387 etiam
443 3325 727 3406 perversissimam,
778 3345 990 3407 quascunque
1048 3337 1186 3393 Lutherr'

148 3425 322 3488 doctrinas.
363 3427 473 3507 Atque
493 3424 592 3506 igitur
612 3428 670 3487 hos
690 3425 772 3488 misit
791 3424 831 3486 ab
850 3424 932 3486 urbe
953 3427 1056 3490 Roma
1077 3441 1185 3492 orato·

142 3549 197 3592 res
219 3527 373 3589 Pontifex
394 3534 424 3589 L
437 3555 490 3605 eo,
518 3526 578 3611 qui·
600 3529 672 3590 freti
691 3525 926 3607 Episcoporum
946 3526 997 3588 bic
1018 3540 1049 3589 et
1070 3529 1184 3593 Cardi-

145 3631 264 3695 salium
282 3630 452 3713 presidio,
472 3629 505 3692 id
524 3628 730 3710 provideant,
756 3647 798 3689 ne
820 3624 900 3709 quid
919 3630 1089 3693 innovetur
1110 3630 1183 3706 sibi,

143 3743 177 3796 et
196 3743 231 3793 ut
251 3753 347 3812 quam
365 3753 442 3793 mox
462 3729 656 3793 aboleantur
667 3728 760 3809 hujus
776 3742 881 3794 motus
895 3743 1023 3794 autores
1037 3732 1183 3808 inauditi,

147 3831 324 3907 indefensi,
355 3853 422 3893 non
463 3830 618 3907 convicti,
654 3851 722 3892 non
749 3851 842 3895 causa
876 3832 1014 3915 cognita.
1059 3831 1184 3897 Contra

141 3931 220 3995 boni
240 3931 319 4007 viri,
338 3931 510 4015 fortesque
526 3951 656 4005 omnes,
677 3929 710 3991 in
727 3931 844 4013 quibus
859 3944 892 3996 et
907 3934 995 3998 domi
1014 3957 1184 3998 ornamen-

140 4043 229 4108 tum,
257 4044 290 4095 et
309 4033 388 4096 foris
408 4034 509 4096 robur
529 4032 586 4095 tibi
606 4032 701 4095 situm
725 4044 790 4109 est,
822 4055 961 4117 quorum
992 4047 1024 4098 et
1050 4034 1084 4098 in
1102 4058 1183 4117 pace

139 4133 307 4197 consilium
327 4150 361 4200 et
379 4135 413 4196 in
432 4134 521 4197 bello
542 4134 628 4196 vires
648 4132 722 4195 usui
742 4155 813 4196 esse
833 4147 981 4216 possunt,
1002 4136 1080 4199 nihil
1103 4160 1184 4219 prae·

142 4247 191 4308 ter
224 4239 330 4320 leges,
380 4246 497 4315 praeter
529 4234 813 4311 consuetudinem,
845 4249 1023 4320 preterque
1049 4238 1097 4302 fas
1129 4238 1182 4322 agi

137 4341 307 4419 postulant.
350 4335 494 4400 Proinde
521 4347 660 4423 statuere
683 4348 714 4399 te
735 4345 883 4419 oportet,
915 4339 993 4407 velis
1014 4359 1056 4407 ne
1077 4341 1181 4408 otten-

170 4550 198 4616 *)
217 4557 269 4603 vor
288 4548 380 4604 saluo.-
400 4556 453 4604 fieri
474 4555 696 4616 turebsertrirbea.
