2618 5108
201 813 275 893 SM
368 813 444 886 Ulr.
469 812 516 885 ab
541 812 681 921 Hutten
707 836 791 884 cum
814 811 967 886 Erasmo
994 812 1078 885 Rot.

203 1007 244 1073 de
264 1007 319 1069 illo
337 1027 420 1086 saepe
443 1003 728 1084 pronunciaveris?
746 1005 839 1066 Muta
849 1005 1003 1080 frontem,
1023 1024 1060 1064 ac
1071 1005 1223 1066 ruborem

202 1107 319 1182 indue,
344 1105 372 1169 si
391 1106 523 1186 pudoris
543 1126 642 1183 capax
662 1127 707 1168 es.
755 1107 807 1168 Tu
825 1106 969 1180 solebas,
1001 1106 1057 1187 qui
1077 1108 1138 1166 noe
1156 1107 1222 1167 lau-

205 1208 260 1273 das
280 1208 382 1268 scelus
402 1227 505 1281 nuuc,
527 1208 720 1281 exclamare,
742 1206 820 1266 lianc
840 1226 909 1268 esse
928 1206 967 1266 ab
985 1205 1071 1267 tratis
1092 1205 1221 1285 Superis

201 1307 370 1377 inimissam
389 1306 480 1368 terris
501 1318 637 1386 pestem,
658 1328 727 1389 quae
747 1308 850 1367 literas
871 1328 906 1366 ac
922 1307 1046 1386 ingenia
1066 1306 1221 1366 conficiat.

201 1408 294 1469 Hanc
315 1426 385 1468 csse
411 1406 617 1469 calamitosam
634 1406 825 1486 optimorum
843 1409 1018 1471 surdiorum
1037 1408 1219 1482 vastitatem,
1246 1483 1248 1487 Ι

204 1529 241 1571 ac
259 1507 442 1588 perniciem.
490 1510 563 1569 Hoc
583 1506 699 1568 immite
725 1507 826 1569 omnis
857 1509 1052 1571 humanitatis
1082 1510 1223 1571 exitium.

164 1612 169 1622 “
202 1610 294 1672 Hauc
313 1608 393 1670 illam
413 1628 484 1671 esse
503 1609 620 1681 lacem,
641 1629 704 1689 qua
723 1607 797 1669 illud
811 1609 979 1670 exarsisset
996 1612 1058 1670 hoc
1078 1621 1221 1688 tempore

202 1709 404 1783 incendium,¹
430 1710 516 1770 unde
536 1708 711 1787 periculum
735 1708 792 1783 sit,
821 1728 863 1769 ne
889 1711 1084 1788 conflagrent
1111 1729 1220 1771 omrres

201 1822 288 1875 recte
315 1810 458 1872 studiosi.
497 1810 549 1873 Ob
575 1809 688 1892 idque,
718 1809 769 1870 cui
794 1831 859 1870 uon
886 1809 972 1869 luisti
998 1820 1106 1884 autor,
1134 1830 1221 1871 acer·

204 1910 283 1977 rium
302 1910 387 1973 illum
407 1908 603 1973 insectandi?
628 1913 732 1988 Quem
750 1931 816 1970 non
840 1911 980 1971 hortatus
1000 1931 1053 1983 es,
1085 1910 1117 1971 iu
1137 1913 1220 1972 hunc

204 2022 240 2075 ut
264 2010 437 2092 stringeret
463 2009 636 2071 calamum?
663 2009 724 2071 Hic
751 2031 812 2091 ego
838 2021 957 2083 autem,
986 2012 1074 2092 quod
1101 2011 1220 2085 nescio,

203 2132 243 2174 an
262 2110 314 2174 alii
331 2111 407 2174 item
427 2111 541 2174 facturi
555 2111 633 2187 sint,
655 2109 851 2173 humanitatis
863 2110 962 2183 duco,
983 2132 1048 2171 non
1062 2111 1220 2189 prolerre,

205 2233 275 2296 quac
297 2213 336 2274 ad
356 2232 405 2273 me
426 2211 587 2292 scripsisti.
632 2212 747 2292 Neque
767 2232 848 2292 opus
867 2211 974 2272 fuerit.
1024 2212 1096 2270 Tua
1115 2212 1221 2271 audita

204 2331 272 2373 vox
291 2302 354 2384 est,
383 2313 467 2372 hune
494 2321 644 2389 oportere
672 2312 845 2372 extinctum
875 2333 944 2372 esse
975 2312 1127 2372 malorum
1148 2309 1247 2371 fon-¹

204 2422 285 2486 tem,
311 2410 367 2493 qui
386 2421 482 2471 totam
504 2410 701 2471 Germaniam
722 2411 803 2471 odiis
829 2421 860 2470 et
880 2411 1103 2484 simultatibus,
1130 2411 1221 2472 dissi-

204 2511 263 2579 diis
285 2522 316 2571 et
340 2508 624 2571 conflictationibus
643 2511 791 2585 inundet,
813 2511 981 2592 aliquando
1012 2514 1111 2573 caedes
1140 2533 1221 2592 quo·

206 2632 269 2696 quc
296 2622 329 2673 et
353 2609 520 2689 parricidia
546 2611 714 2672 emissurus
743 2610 792 2672 sit.
843 2613 892 2672 Eo
923 2631 1002 2689 opus
1025 2612 1130 2692 aliquo
1151 2632 1221 2674 esse

206 2713 362 2786 Hercule,
395 2709 451 2793 qui
471 2712 550 2771 hanc
570 2710 715 2773 conficiat
734 2711 894 2788 Hydram,
923 2711 1007 2771 hunc
1026 2733 1043 2772 e
1064 2732 1160 2789 specu
1181 2713 1220 2773 ad

205 2835 328 2897 poenam
349 2812 468 2876 Cacum
486 2813 656 2890 protrahat.
706 2813 753 2880 Ea
772 2823 846 2871 tunc
866 2812 925 2872 fuit
944 2813 1043 2886 ratio,
1069 2833 1153 2872 nunc
1173 2823 1222 2873 est

205 2916 264 2977 alia
291 2913 385 2976 animi
412 2911 583 2974 inclinatio.
626 2914 720 2974 Nunc
740 2913 912 2992 palpandus
934 2915 1139 2974 Hochstratus
1164 2913 1220 2974 tibi

130 3078 134 3087 ,
205 3026 269 3087 est,
301 3013 456 3095 propitius
477 3023 512 3072 ut
530 3012 580 3074 sit.
619 3012 704 3093 Quid
725 3013 763 3073 ad
781 3013 855 3073 mo?
892 3013 934 3074 Ut
954 3012 986 3073 in
1005 3015 1103 3091 gratia
1124 3017 1165 3077 sis
1186 3028 1220 3078 tu

205 3113 290 3194 apud
310 3133 407 3174 unum
427 3113 625 3194 quempiam,
644 3134 694 3174 me
715 3113 854 3173 omnium
866 3113 972 3176 subire
985 3115 1075 3175 (lecet
1090 3117 1221 3179 odium?

205 3214 271 3277 Aut
291 3211 317 3274 is
338 3233 400 3293 ego
421 3232 507 3288 sum,
538 3234 648 3295 quem,
683 3224 718 3274 ut
737 3224 769 3273 tu
789 3214 874 3276 malis
895 3216 1035 3293 placeas,
1062 3216 1221 3281 bonorum

204 3311 416 3376 infensionem
437 3334 567 3392 capere,
599 3312 674 3374 nihil
694 3315 814 3376 refert?
846 3313 931 3393 Quin
960 3314 1048 3377 istam
1068 3328 1221 3398 temperas

207 3413 364 3478 levitatem
389 3412 465 3487 tibi,
501 3424 531 3475 et
562 3413 639 3495 quid
665 3415 705 3475 de
733 3434 798 3496 quo
829 3413 962 3489 scribas,
999 3417 1088 3495 pensi
1115 3420 1221 3482 babes.
1251 3416 1254 3421 ’

204 3515 285 3578 Nam
310 3512 492 3593 praedictum
521 3515 582 3574 hoc
605 3513 797 3589 memineris,
829 3514 894 3575 noli
924 3518 1054 3594 posthac
1083 3539 1152 3578 mea
1181 3542 1222 3581 ex

204 3611 350 3686 infamia,
371 3611 580 3674 adulationem
599 3623 683 3675 tuam
694 3624 827 3675 struere.
867 3615 930 3693 Qui
950 3615 1009 3676 nisi
1028 3618 1130 3697 (quod
1143 3622 1222 3679 mul-

205 3725 272 3776 tum
292 3712 376 3792 apud
395 3732 446 3774 me
464 3713 559 3788 valet)
578 3712 604 3775 is
624 3733 725 3788 esses,
756 3712 847 3799 cujus
868 3735 984 3794 magno
1015 3716 1064 3776 hic
1091 3718 1222 3782 admini-

115 3828 116 3831 ’
206 3816 278 3876 culo
307 3822 419 3874 erectae
448 3822 520 3873 sunt
549 3812 660 3887 literae,
693 3825 726 3874 et
745 3814 878 3875 excitata
906 3813 991 3875 bona
1018 3818 1134 3893 studia,
1164 3844 1223 3901 per

206 3934 301 3998 quem
320 3912 458 3974 etmulti
483 3911 516 3971 in
536 3912 702 3974 Germania
728 3913 870 3995 quotidie
890 3917 1077 3994 proficiunt,
1111 3932 1142 3979 et
1160 3944 1223 4003 ego

206 4034 258 4076 me
276 4011 413 4074 crevisse
424 4012 558 4075 libenter
574 4012 693 4086 fateor,
714 4013 876 4075 inventum
890 4017 1035 4079 haberem
1048 4022 1222 4100 consilium,

164 4122 171 4131 '
209 4133 274 4196 quo
293 4112 396 4173 vicem
415 4111 448 4173 in
468 4122 499 4172 te
525 4132 625 4174 meam
645 4113 824 4176 ulciscerer.
868 4116 961 4176 Nunc
980 4118 1114 4198 majoris
1141 4125 1225 4202 apud

208 4233 258 4275 me
277 4223 337 4274 tuae
358 4212 505 4287 uirtutes,
533 4222 649 4294 tuaque
667 4214 793 4289 merita,
825 4236 917 4296 quam
942 4213 1018 4279 mea
1044 4221 1083 4280 ab
1108 4224 1223 4285 eodem

208 4312 339 4392 injuria,
369 4333 457 4377 meus
485 4314 578 4375 dolor
603 4315 754 4376 momenti
780 4326 862 4377 sunt.
902 4317 954 4376 'l'u
973 4321 1101 4382 modum
1120 4333 1223 4385 tamen

209 4417 270 4479 l'ac.
317 4411 447 4477 Interim
470 4426 502 4475 ct
520 4416 567 4476 tui
585 4415 709 4478 decoris
727 4416 807 4479 habe
826 4415 990 4479 rationem.
1035 4421 1120 4500 (luid
1139 4423 1222 4486 euim
