<?xml version="1.0" encoding="UTF-8"?>
<!DOCTYPE html PUBLIC "-//W3C//DTD XHTML 1.0 Transitional//EN"
    "http://www.w3.org/TR/xhtml1/DTD/xhtml1-transitional.dtd">
<html xmlns="http://www.w3.org/1999/xhtml" xml:lang="en" lang="en">
 <head>
  <title>
</title>
<meta http-equiv="Content-Type" content="text/html;charset=utf-8" />
  <meta name='ocr-system' content='tesseract 3.04.00' />
  <meta name='ocr-capabilities' content='ocr_page ocr_carea ocr_par ocr_line ocrx_word'/>
</head>
<body>
  <div class='ocr_page' id='page_1' title='image "./ulrichiabhutten00mngoog_0310.png"; bbox 0 0 2618 5108; ppageno 0'>
   <div class='ocr_carea' id='block_1_1' title="bbox 628 1167 672 1240">
    <p class='ocr_par' dir='ltr' id='par_1_1' title="bbox 628 1167 672 1240">
     <span class='ocr_line' id='line_1_1' title="bbox 628 1167 672 1240; baseline 0.045 -2"><span class='ocrx_word' id='word_1_1' title='bbox 628 1167 672 1240; x_wconf 90' lang='lat' dir='ltr'>ll.</span> 
     </span>
    </p>
   </div>
   <div class='ocr_carea' id='block_1_2' title="bbox 144 1359 1173 1462">
    <p class='ocr_par' dir='ltr' id='par_1_2' title="bbox 144 1359 1173 1462">
     <span class='ocr_line' id='line_1_2' title="bbox 144 1359 1173 1462; baseline 0.006 -28"><span class='ocrx_word' id='word_1_2' title='bbox 144 1359 312 1434; x_wconf 81' lang='lat' dir='ltr'>Uhiclrus</span> <span class='ocrx_word' id='word_1_3' title='bbox 350 1364 396 1436; x_wconf 86' lang='lat' dir='ltr'>ab</span> <span class='ocrx_word' id='word_1_4' title='bbox 423 1363 563 1434; x_wconf 85' lang='lat' dir='ltr'>llutten</span> <span class='ocrx_word' id='word_1_5' title='bbox 601 1364 764 1462; x_wconf 84' lang='lat' dir='ltr'>Georgio</span> <span class='ocrx_word' id='word_1_6' title='bbox 790 1366 975 1461; x_wconf 86' lang='lat' dir='ltr'>Spalatino</span> <span class='ocrx_word' id='word_1_7' title='bbox 1003 1367 1173 1440; x_wconf 82' lang='lat' dir='ltr'>Salutem.</span> 
     </span>
    </p>
   </div>
   <div class='ocr_carea' id='block_1_3' title="bbox 556 1574 751 1590">
    <p class='ocr_par' dir='ltr' id='par_1_3' title="bbox 556 1574 751 1590">
     <span class='ocr_line' id='line_1_3' title="bbox 556 1574 751 1590; baseline 0.01 -4"><span class='ocrx_word' id='word_1_8' title='bbox 556 1574 751 1590; x_wconf 46' lang='grc' dir='ltr'>ῃ</span> 
     </span>
    </p>
   </div>
   <div class='ocr_carea' id='block_1_4' title="bbox 71 1739 1177 4062">
    <p class='ocr_par' dir='ltr' id='par_1_4' title="bbox 71 1739 1177 4062">
     <span class='ocr_line' id='line_1_4' title="bbox 142 1739 1175 1854; baseline 0.009 -24"><span class='ocrx_word' id='word_1_9' title='bbox 142 1739 223 1836; x_wconf 75' lang='lat' dir='ltr'>Etsi</span> <span class='ocrx_word' id='word_1_10' title='bbox 243 1772 362 1854; x_wconf 85' lang='lat' dir='ltr'>alioqui</span> <span class='ocrx_word' id='word_1_11' title='bbox 383 1773 514 1834; x_wconf 79' lang='lat' dir='ltr'>daturus</span> <span class='ocrx_word' id='word_1_12' title='bbox 536 1791 622 1833; x_wconf 84' lang='lat' dir='ltr'>eram</span> <span class='ocrx_word' id='word_1_13' title='bbox 643 1771 682 1833; x_wconf 80' lang='lat' dir='ltr'>acl</span> <span class='ocrx_word' id='word_1_14' title='bbox 703 1782 733 1831; x_wconf 92' lang='lat' dir='ltr'>te</span> <span class='ocrx_word' id='word_1_15' title='bbox 751 1772 872 1848; x_wconf 83' lang='lat' dir='ltr'>literas,</span> <span class='ocrx_word' id='word_1_16' title='bbox 893 1783 997 1835; x_wconf 72' lang='lat' dir='ltr'>temen</span> <span class='ocrx_word' id='word_1_17' title='bbox 1017 1797 1103 1837; x_wconf 92' lang='lat' dir='ltr'>nune</span> <span class='ocrx_word' id='word_1_18' title='bbox 1123 1779 1175 1839; x_wconf 91' lang='lat' dir='ltr'>vel</span> 
     </span>
     <span class='ocr_line' id='line_1_5' title="bbox 136 1873 1176 1959; baseline 0.002 -20"><span class='ocrx_word' id='word_1_19' title='bbox 136 1883 314 1948; x_wconf 50' lang='lat' dir='ltr'>¹Francisci</span> <span class='ocrx_word' id='word_1_20' title='bbox 343 1874 471 1934; x_wconf 88' lang='lat' dir='ltr'>nomine</span> <span class='ocrx_word' id='word_1_21' title='bbox 502 1873 645 1952; x_wconf 85' lang='lat' dir='ltr'>oportuit</span> <span class='ocrx_word' id='word_1_22' title='bbox 671 1874 759 1934; x_wconf 84' lang='lat' dir='ltr'>darc.</span> <span class='ocrx_word' id='word_1_23' title='bbox 807 1875 836 1935; x_wconf 90' lang='lat' dir='ltr'>ls</span> <span class='ocrx_word' id='word_1_24' title='bbox 862 1873 969 1951; x_wconf 81' lang='lat' dir='ltr'>jubet,</span> <span class='ocrx_word' id='word_1_25' title='bbox 1000 1888 1031 1936; x_wconf 91' lang='lat' dir='ltr'>te</span> <span class='ocrx_word' id='word_1_26' title='bbox 1065 1899 1176 1959; x_wconf 79' lang='lat' dir='ltr'>regem</span> 
     </span>
     <span class='ocr_line' id='line_1_6' title="bbox 143 1971 1174 2055; baseline 0.006 -19"><span class='ocrx_word' id='word_1_27' title='bbox 143 1995 186 2036; x_wconf 86' lang='lat' dir='ltr'>ex</span> <span class='ocrx_word' id='word_1_28' title='bbox 217 1996 251 2036; x_wconf 89' lang='lat' dir='ltr'>se</span> <span class='ocrx_word' id='word_1_29' title='bbox 281 1971 419 2055; x_wconf 89' lang='lat' dir='ltr'>primum</span> <span class='ocrx_word' id='word_1_30' title='bbox 447 1976 605 2046; x_wconf 91' lang='lat' dir='ltr'>omnium,</span> <span class='ocrx_word' id='word_1_31' title='bbox 636 1983 672 2033; x_wconf 92' lang='lat' dir='ltr'>ut</span> <span class='ocrx_word' id='word_1_32' title='bbox 699 1973 848 2052; x_wconf 84' lang='lat' dir='ltr'>Principe</span> <span class='ocrx_word' id='word_1_33' title='bbox 874 1986 930 2037; x_wconf 87' lang='lat' dir='ltr'>tuo</span> <span class='ocrx_word' id='word_1_34' title='bbox 961 1976 1174 2042; x_wconf 73' lang='lat' dir='ltr'>intercessore</span> 
     </span>
     <span class='ocr_line' id='line_1_7' title="bbox 142 2073 1176 2160; baseline 0.003 -21"><span class='ocrx_word' id='word_1_35' title='bbox 142 2075 240 2139; x_wconf 80' lang='lat' dir='ltr'>utaris</span> <span class='ocrx_word' id='word_1_36' title='bbox 269 2077 354 2157; x_wconf 80' lang='lat' dir='ltr'>apud</span> <span class='ocrx_word' id='word_1_37' title='bbox 383 2074 557 2149; x_wconf 80' lang='lat' dir='ltr'>Cnserem,</span> <span class='ocrx_word' id='word_1_38' title='bbox 589 2073 621 2134; x_wconf 91' lang='lat' dir='ltr'>in</span> <span class='ocrx_word' id='word_1_39' title='bbox 654 2084 827 2154; x_wconf 79' lang='lat' dir='ltr'>capnionis</span> <span class='ocrx_word' id='word_1_40' title='bbox 856 2095 969 2150; x_wconf 76' lang='lat' dir='ltr'>causa,</span> <span class='ocrx_word' id='word_1_41' title='bbox 1002 2100 1096 2160; x_wconf 77' lang='lat' dir='ltr'>qnam</span> <span class='ocrx_word' id='word_1_42' title='bbox 1124 2080 1176 2142; x_wconf 86' lang='lat' dir='ltr'>ille</span> 
     </span>
     <span class='ocr_line' id='line_1_8' title="bbox 141 2174 1174 2262; baseline 0.002 -21"><span class='ocrx_word' id='word_1_43' title='bbox 141 2199 228 2241; x_wconf 90' lang='lat' dir='ltr'>nune</span> <span class='ocrx_word' id='word_1_44' title='bbox 249 2176 346 2239; x_wconf 91' lang='lat' dir='ltr'>literis</span> <span class='ocrx_word' id='word_1_45' title='bbox 371 2174 446 2258; x_wconf 57' lang='lat' dir='ltr'>agit,</span> <span class='ocrx_word' id='word_1_46' title='bbox 485 2174 616 2255; x_wconf 84' lang='lat' dir='ltr'>Scripsit</span> <span class='ocrx_word' id='word_1_47' title='bbox 638 2176 721 2236; x_wconf 88' lang='lat' dir='ltr'>enim</span> <span class='ocrx_word' id='word_1_48' title='bbox 736 2176 852 2238; x_wconf 79' lang='lat' dir='ltr'>Coesnri</span> <span class='ocrx_word' id='word_1_49' title='bbox 872 2176 1003 2256; x_wconf 83' lang='lat' dir='ltr'>copiose</span> <span class='ocrx_word' id='word_1_50' title='bbox 1023 2201 1059 2239; x_wconf 83' lang='lat' dir='ltr'>ea</span> <span class='ocrx_word' id='word_1_51' title='bbox 1077 2203 1174 2262; x_wconf 85' lang='lat' dir='ltr'>snper</span> 
     </span>
     <span class='ocr_line' id='line_1_9' title="bbox 141 2259 1174 2361; baseline 0.003 -20"><span class='ocrx_word' id='word_1_52' title='bbox 141 2300 178 2342; x_wconf 88' lang='lat' dir='ltr'>re</span> <span class='ocrx_word' id='word_1_53' title='bbox 197 2259 388 2357; x_wconf 81' lang='lat' dir='ltr'>interprete3</span> <span class='ocrx_word' id='word_1_54' title='bbox 419 2274 536 2337; x_wconf 86' lang='lat' dir='ltr'>deinde</span> <span class='ocrx_word' id='word_1_55' title='bbox 556 2286 591 2336; x_wconf 89' lang='lat' dir='ltr'>ut</span> <span class='ocrx_word' id='word_1_56' title='bbox 611 2285 785 2339; x_wconf 78' lang='lat' dir='ltr'>Lutlzerum</span> <span class='ocrx_word' id='word_1_57' title='bbox 806 2298 952 2353; x_wconf 84' lang='lat' dir='ltr'>moneas,</span> <span class='ocrx_word' id='word_1_58' title='bbox 983 2301 1049 2361; x_wconf 86' lang='lat' dir='ltr'>quo</span> <span class='ocrx_word' id='word_1_59' title='bbox 1070 2282 1174 2345; x_wconf 89' lang='lat' dir='ltr'>modis</span> 
     </span>
     <span class='ocr_line' id='line_1_10' title="bbox 144 2376 1172 2458; baseline 0.005 -18"><span class='ocrx_word' id='word_1_60' title='bbox 144 2377 291 2440; x_wconf 89' lang='lat' dir='ltr'>omnibus</span> <span class='ocrx_word' id='word_1_61' title='bbox 311 2376 344 2437; x_wconf 94' lang='lat' dir='ltr'>in</span> <span class='ocrx_word' id='word_1_62' title='bbox 365 2397 474 2438; x_wconf 89' lang='lat' dir='ltr'>omnes</span> <span class='ocrx_word' id='word_1_63' title='bbox 495 2377 628 2456; x_wconf 82' lang='lat' dir='ltr'>angulos</span> <span class='ocrx_word' id='word_1_64' title='bbox 649 2376 708 2437; x_wconf 90' lang='lat' dir='ltr'>sibi</span> <span class='ocrx_word' id='word_1_65' title='bbox 723 2377 910 2458; x_wconf 80' lang='lat' dir='ltr'>prospiciat:</span> <span class='ocrx_word' id='word_1_66' title='bbox 932 2399 966 2439; x_wconf 90' lang='lat' dir='ltr'>se</span> <span class='ocrx_word' id='word_1_67' title='bbox 985 2382 1069 2441; x_wconf 88' lang='lat' dir='ltr'>enim</span> <span class='ocrx_word' id='word_1_68' title='bbox 1083 2394 1172 2445; x_wconf 84' lang='lat' dir='ltr'>certo</span> 
     </span>
     <span class='ocr_line' id='line_1_11' title="bbox 143 2465 1176 2561; baseline 0.007 -23"><span class='ocrx_word' id='word_1_69' title='bbox 143 2477 243 2551; x_wconf 90' lang='lat' dir='ltr'>seire,</span> <span class='ocrx_word' id='word_1_70' title='bbox 264 2475 447 2559; x_wconf 85' lang='lat' dir='ltr'>hujusmodi</span> <span class='ocrx_word' id='word_1_71' title='bbox 468 2477 498 2537; x_wconf 92' lang='lat' dir='ltr'>ei</span> <span class='ocrx_word' id='word_1_72' title='bbox 517 2498 586 2538; x_wconf 90' lang='lat' dir='ltr'>esse</span> <span class='ocrx_word' id='word_1_73' title='bbox 607 2465 753 2552; x_wconf 80' lang='lat' dir='ltr'>insidias,</span> <span class='ocrx_word' id='word_1_74' title='bbox 776 2500 853 2561; x_wconf 84' lang='lat' dir='ltr'>quas</span> <span class='ocrx_word' id='word_1_75' title='bbox 867 2479 987 2543; x_wconf 79' lang='lat' dir='ltr'>evitare</span> <span class='ocrx_word' id='word_1_76' title='bbox 1008 2481 1176 2547; x_wconf 81' lang='lat' dir='ltr'>difficulter</span> 
     </span>
     <span class='ocr_line' id='line_1_12' title="bbox 142 2576 1176 2663; baseline 0.008 -24"><span class='ocrx_word' id='word_1_77' title='bbox 142 2576 257 2663; x_wconf 79' lang='lat' dir='ltr'>possit:</span> <span class='ocrx_word' id='word_1_78' title='bbox 309 2577 416 2639; x_wconf 80' lang='lat' dir='ltr'>&#39;simet</span> <span class='ocrx_word' id='word_1_79' title='bbox 446 2597 525 2639; x_wconf 86' lang='lat' dir='ltr'>vero</span> <span class='ocrx_word' id='word_1_80' title='bbox 554 2576 597 2637; x_wconf 89' lang='lat' dir='ltr'>oh</span> <span class='ocrx_word' id='word_1_81' title='bbox 629 2577 662 2639; x_wconf 90' lang='lat' dir='ltr'>id</span> <span class='ocrx_word' id='word_1_82' title='bbox 691 2581 807 2660; x_wconf 82' lang='lat' dir='ltr'>magis,</span> <span class='ocrx_word' id='word_1_83' title='bbox 842 2584 930 2663; x_wconf 87' lang='lat' dir='ltr'>quod</span> <span class='ocrx_word' id='word_1_84' title='bbox 960 2583 1087 2644; x_wconf 75' lang='lat' dir='ltr'>videtur</span> <span class='ocrx_word' id='word_1_85' title='bbox 1113 2580 1176 2647; x_wconf 90' lang='lat' dir='ltr'>sibi</span> 
     </span>
     <span class='ocr_line' id='line_1_13' title="bbox 142 2678 1173 2761; baseline -0.001 -12"><span class='ocrx_word' id='word_1_86' title='bbox 142 2691 303 2750; x_wconf 60' lang='lat' dir='ltr'>liutherus</span> <span class='ocrx_word' id='word_1_87' title='bbox 333 2678 425 2742; x_wconf 92' lang='lat' dir='ltr'>nimis</span> <span class='ocrx_word' id='word_1_88' title='bbox 452 2699 523 2740; x_wconf 85' lang='lat' dir='ltr'>esse</span> <span class='ocrx_word' id='word_1_89' title='bbox 542 2699 674 2742; x_wconf 88' lang='lat' dir='ltr'>securus</span> <span class='ocrx_word' id='word_1_90' title='bbox 684 2727 692 2756; x_wconf 96' lang='lat'>,</span> <span class='ocrx_word' id='word_1_91' title='bbox 725 2691 756 2742; x_wconf 89' lang='lat' dir='ltr'>et</span> <span class='ocrx_word' id='word_1_92' title='bbox 786 2682 961 2761; x_wconf 83' lang='lat' dir='ltr'>pericnlum</span> <span class='ocrx_word' id='word_1_93' title='bbox 990 2686 1173 2748; x_wconf 74' lang='lat' dir='ltr'>contemnit.</span> 
     </span>
     <span class='ocr_line' id='line_1_14' title="bbox 141 2779 1171 2864; baseline 0 -16"><span class='ocrx_word' id='word_1_94' title='bbox 141 2785 246 2848; x_wconf 84' lang='lat' dir='ltr'>Etiam</span> <span class='ocrx_word' id='word_1_95' title='bbox 271 2782 340 2862; x_wconf 86' lang='lat' dir='ltr'>ipse</span> <span class='ocrx_word' id='word_1_96' title='bbox 369 2801 408 2843; x_wconf 82' lang='lat' dir='ltr'>ea</span> <span class='ocrx_word' id='word_1_97' title='bbox 427 2779 460 2841; x_wconf 90' lang='lat' dir='ltr'>in</span> <span class='ocrx_word' id='word_1_98' title='bbox 480 2802 515 2841; x_wconf 89' lang='lat' dir='ltr'>re</span> <span class='ocrx_word' id='word_1_99' title='bbox 536 2781 658 2843; x_wconf 86' lang='lat' dir='ltr'>monui.</span> <span class='ocrx_word' id='word_1_100' title='bbox 699 2782 823 2842; x_wconf 89' lang='lat' dir='ltr'>Verum</span> <span class='ocrx_word' id='word_1_101' title='bbox 847 2783 924 2864; x_wconf 83' lang='lat' dir='ltr'>qnirl</span> <span class='ocrx_word' id='word_1_102' title='bbox 945 2783 977 2843; x_wconf 95' lang='lat' dir='ltr'>in</span> <span class='ocrx_word' id='word_1_103' title='bbox 1000 2798 1171 2861; x_wconf 78' lang='lat' dir='ltr'>causaest,</span> 
     </span>
     <span class='ocr_line' id='line_1_15' title="bbox 140 2882 1173 2964; baseline 0.001 -15"><span class='ocrx_word' id='word_1_104' title='bbox 140 2885 184 2949; x_wconf 87' lang='lat' dir='ltr'>mi</span> <span class='ocrx_word' id='word_1_105' title='bbox 202 2883 371 2947; x_wconf 82' lang='lat' dir='ltr'>clarissime</span> <span class='ocrx_word' id='word_1_106' title='bbox 387 2894 577 2964; x_wconf 79' lang='lat' dir='ltr'>Spalatine,</span> <span class='ocrx_word' id='word_1_107' title='bbox 603 2882 692 2963; x_wconf 90' lang='lat' dir='ltr'>quod</span> <span class='ocrx_word' id='word_1_108' title='bbox 710 2903 776 2943; x_wconf 90' lang='lat' dir='ltr'>non</span> <span class='ocrx_word' id='word_1_109' title='bbox 795 2883 904 2944; x_wconf 81' lang='lat' dir='ltr'>scribit</span> <span class='ocrx_word' id='word_1_110' title='bbox 923 2895 1102 2963; x_wconf 62' lang='lat' dir='ltr'>Lamnus,</span> <span class='ocrx_word' id='word_1_111' title='bbox 1123 2888 1173 2950; x_wconf 84' lang='lat' dir='ltr'>vel</span> 
     </span>
     <span class='ocr_line' id='line_1_16' title="bbox 141 2975 1177 3067; baseline 0.005 -21"><span class='ocrx_word' id='word_1_112' title='bbox 141 2987 244 3047; x_wconf 80' lang='lat' dir='ltr'>verbo</span> <span class='ocrx_word' id='word_1_113' title='bbox 266 2985 402 3047; x_wconf 82' lang='lat' dir='ltr'>adme?</span> <span class='ocrx_word' id='word_1_114' title='bbox 422 2986 530 3067; x_wconf 85' lang='lat' dir='ltr'>Atque</span> <span class='ocrx_word' id='word_1_115' title='bbox 552 2985 666 3065; x_wconf 84' lang='lat' dir='ltr'>igitur,</span> <span class='ocrx_word' id='word_1_116' title='bbox 687 2985 847 3063; x_wconf 86' lang='lat' dir='ltr'>responde</span> <span class='ocrx_word' id='word_1_117' title='bbox 866 2986 959 3061; x_wconf 87' lang='lat' dir='ltr'>mihi,</span> <span class='ocrx_word' id='word_1_118' title='bbox 987 3009 1063 3049; x_wconf 89' lang='lat' dir='ltr'>num</span> <span class='ocrx_word' id='word_1_119' title='bbox 1084 2975 1177 3051; x_wconf 76' lang='lat' dir='ltr'>ncce-¹</span> 
     </span>
     <span class='ocr_line' id='line_1_17' title="bbox 71 3084 1174 3165; baseline 0.007 -20"><span class='ocrx_word' id='word_1_120' title='bbox 71 3090 75 3097; x_wconf 88' lang='grc'><strong>’</strong></span> <span class='ocrx_word' id='word_1_121' title='bbox 141 3085 270 3165; x_wconf 88' lang='lat' dir='ltr'>peritis,</span> <span class='ocrx_word' id='word_1_122' title='bbox 311 3098 345 3146; x_wconf 86' lang='lat' dir='ltr'>tu</span> <span class='ocrx_word' id='word_1_123' title='bbox 378 3096 409 3145; x_wconf 82' lang='lat' dir='ltr'>et</span> <span class='ocrx_word' id='word_1_124' title='bbox 444 3084 513 3159; x_wconf 90' lang='lat' dir='ltr'>ille,</span> <span class='ocrx_word' id='word_1_125' title='bbox 545 3086 629 3164; x_wconf 78' lang='lat' dir='ltr'>npurl</span> <span class='ocrx_word' id='word_1_126' title='bbox 657 3086 800 3145; x_wconf 80' lang='lat' dir='ltr'>Saxones</span> <span class='ocrx_word' id='word_1_127' title='bbox 835 3085 956 3149; x_wconf 83' lang='lat' dir='ltr'>libellos</span> <span class='ocrx_word' id='word_1_128' title='bbox 984 3110 1073 3151; x_wconf 88' lang='lat' dir='ltr'>meos</span> <span class='ocrx_word' id='word_1_129' title='bbox 1101 3101 1174 3154; x_wconf 83' lang='lat' dir='ltr'>cum</span> 
     </span>
     <span class='ocr_line' id='line_1_18' title="bbox 141 3184 1175 3256; baseline 0.007 -8"><span class='ocrx_word' id='word_1_130' title='bbox 141 3186 251 3249; x_wconf 89' lang='lat' dir='ltr'>literis.</span> <span class='ocrx_word' id='word_1_131' title='bbox 295 3188 376 3247; x_wconf 79' lang='lat' dir='ltr'>Nam</span> <span class='ocrx_word' id='word_1_132' title='bbox 401 3185 568 3248; x_wconf 78' lang='lat' dir='ltr'>fasciculos</span> <span class='ocrx_word' id='word_1_133' title='bbox 590 3187 672 3246; x_wconf 86' lang='lat' dir='ltr'>duos</span> <span class='ocrx_word' id='word_1_134' title='bbox 701 3207 740 3246; x_wconf 91' lang='lat' dir='ltr'>eo</span> <span class='ocrx_word' id='word_1_135' title='bbox 768 3184 847 3247; x_wconf 90' lang='lat' dir='ltr'>misi.</span> <span class='ocrx_word' id='word_1_136' title='bbox 901 3187 936 3247; x_wconf 91' lang='lat' dir='ltr'>ln</span> <span class='ocrx_word' id='word_1_137' title='bbox 962 3200 1046 3250; x_wconf 78' lang='lat' dir='ltr'>tanta</span> <span class='ocrx_word' id='word_1_138' title='bbox 1067 3214 1175 3256; x_wconf 87' lang='lat' dir='ltr'>rerum</span> 
     </span>
     <span class='ocr_line' id='line_1_19' title="bbox 141 3285 1173 3366; baseline 0.01 -18"><span class='ocrx_word' id='word_1_139' title='bbox 141 3285 357 3349; x_wconf 85' lang='lat' dir='ltr'>commotione</span> <span class='ocrx_word' id='word_1_140' title='bbox 379 3308 503 3347; x_wconf 81' lang='lat' dir='ltr'>causam</span> <span class='ocrx_word' id='word_1_141' title='bbox 523 3307 591 3347; x_wconf 89' lang='lat' dir='ltr'>esse</span> <span class='ocrx_word' id='word_1_142' title='bbox 612 3308 678 3346; x_wconf 85' lang='lat' dir='ltr'>non</span> <span class='ocrx_word' id='word_1_143' title='bbox 698 3299 787 3366; x_wconf 82' lang='lat' dir='ltr'>putat</span> <span class='ocrx_word' id='word_1_144' title='bbox 806 3299 966 3354; x_wconf 77' lang='lat' dir='ltr'>chtherus</span> <span class='ocrx_word' id='word_1_145' title='bbox 985 3313 1043 3354; x_wconf 89' lang='lat' dir='ltr'>cur</span> <span class='ocrx_word' id='word_1_146' title='bbox 1063 3295 1102 3355; x_wconf 81' lang='lat' dir='ltr'>nd</span> <span class='ocrx_word' id='word_1_147' title='bbox 1122 3315 1173 3358; x_wconf 87' lang='lat' dir='ltr'>me</span> 
     </span>
     <span class='ocr_line' id='line_1_20' title="bbox 141 3387 1173 3475; baseline 0.007 -23"><span class='ocrx_word' id='word_1_148' title='bbox 141 3390 284 3452; x_wconf 83' lang='lat' dir='ltr'>scribat?</span> <span class='ocrx_word' id='word_1_149' title='bbox 307 3389 359 3449; x_wconf 86' lang='lat' dir='ltr'>Tu</span> <span class='ocrx_word' id='word_1_150' title='bbox 380 3389 473 3449; x_wconf 79' lang='lat' dir='ltr'>etiam</span> <span class='ocrx_word' id='word_1_151' title='bbox 487 3389 526 3448; x_wconf 79' lang='lat' dir='ltr'>cle</span> <span class='ocrx_word' id='word_1_152' title='bbox 546 3387 711 3463; x_wconf 88' lang='lat' dir='ltr'>omnibus,</span> <span class='ocrx_word' id='word_1_153' title='bbox 733 3390 874 3471; x_wconf 90' lang='lat' dir='ltr'>inprimis</span> <span class='ocrx_word' id='word_1_154' title='bbox 888 3392 928 3452; x_wconf 91' lang='lat' dir='ltr'>‹le</span> <span class='ocrx_word' id='word_1_155' title='bbox 941 3404 996 3453; x_wconf 85' lang='lat' dir='ltr'>tuo</span> <span class='ocrx_word' id='word_1_156' title='bbox 1010 3395 1173 3475; x_wconf 87' lang='lat' dir='ltr'>Principe,</span> 
     </span>
     <span class='ocr_line' id='line_1_21' title="bbox 140 3485 1174 3574; baseline 0.006 -23"><span class='ocrx_word' id='word_1_157' title='bbox 140 3489 220 3574; x_wconf 89' lang='lat' dir='ltr'>quid</span> <span class='ocrx_word' id='word_1_158' title='bbox 239 3488 431 3570; x_wconf 82' lang='lat' dir='ltr'>sperandum</span> <span class='ocrx_word' id='word_1_159' title='bbox 447 3486 504 3562; x_wconf 82' lang='lat' dir='ltr'>sit,</span> <span class='ocrx_word' id='word_1_160' title='bbox 526 3485 694 3548; x_wconf 86' lang='lat' dir='ltr'>certiorem</span> <span class='ocrx_word' id='word_1_161' title='bbox 709 3511 759 3549; x_wconf 89' lang='lat' dir='ltr'>me</span> <span class='ocrx_word' id='word_1_162' title='bbox 773 3490 833 3552; x_wconf 83' lang='lat' dir='ltr'>sac.</span> <span class='ocrx_word' id='word_1_163' title='bbox 873 3493 1065 3572; x_wconf 79' lang='lat' dir='ltr'>Scripseram</span> <span class='ocrx_word' id='word_1_164' title='bbox 1078 3495 1174 3573; x_wconf 87' lang='lat' dir='ltr'>binis,</span> 
     </span>
     <span class='ocr_line' id='line_1_22' title="bbox 140 3588 1174 3679; baseline 0.004 -26"><span class='ocrx_word' id='word_1_165' title='bbox 140 3590 312 3654; x_wconf 81' lang='lat' dir='ltr'>aut&#39;ternis</span> <span class='ocrx_word' id='word_1_166' title='bbox 334 3591 372 3651; x_wconf 82' lang='lat' dir='ltr'>ad</span> <span class='ocrx_word' id='word_1_167' title='bbox 397 3601 428 3651; x_wconf 85' lang='lat' dir='ltr'>te</span> <span class='ocrx_word' id='word_1_168' title='bbox 449 3588 566 3662; x_wconf 89' lang='lat' dir='ltr'>literis,</span> <span class='ocrx_word' id='word_1_169' title='bbox 592 3589 631 3648; x_wconf 88' lang='lat' dir='ltr'>dc</span> <span class='ocrx_word' id='word_1_170' title='bbox 652 3592 849 3669; x_wconf 77' lang='lat' dir='ltr'>explorando</span> <span class='ocrx_word' id='word_1_171' title='bbox 871 3591 941 3672; x_wconf 82' lang='lat' dir='ltr'>ejus</span> <span class='ocrx_word' id='word_1_172' title='bbox 962 3595 1083 3670; x_wconf 81' lang='lat' dir='ltr'>animo,</span> <span class='ocrx_word' id='word_1_173' title='bbox 1108 3618 1174 3679; x_wconf 86' lang='lat' dir='ltr'>qno</span> 
     </span>
     <span class='ocr_line' id='line_1_23' title="bbox 140 3690 1174 3769; baseline 0.001 -12"><span class='ocrx_word' id='word_1_174' title='bbox 140 3695 269 3757; x_wconf 79' lang='lat' dir='ltr'>futurus</span> <span class='ocrx_word' id='word_1_175' title='bbox 301 3703 402 3766; x_wconf 86' lang='lat' dir='ltr'>esset,</span> <span class='ocrx_word' id='word_1_176' title='bbox 437 3690 463 3753; x_wconf 88' lang='lat' dir='ltr'>si</span> <span class='ocrx_word' id='word_1_177' title='bbox 497 3691 536 3750; x_wconf 83' lang='lat' dir='ltr'>ml</span> <span class='ocrx_word' id='word_1_178' title='bbox 564 3711 647 3750; x_wconf 80' lang='lat' dir='ltr'>arma</span> <span class='ocrx_word' id='word_1_179' title='bbox 673 3693 855 3769; x_wconf 76' lang='lat' dir='ltr'>pervenerit</span> <span class='ocrx_word' id='word_1_180' title='bbox 882 3715 932 3754; x_wconf 90' lang='lat' dir='ltr'>res</span> <span class='ocrx_word' id='word_1_181' title='bbox 964 3694 1174 3759; x_wconf 81' lang='lat' dir='ltr'>Curtisanica.</span> 
     </span>
     <span class='ocr_line' id='line_1_24' title="bbox 140 3787 1173 3878; baseline 0.003 -21"><span class='ocrx_word' id='word_1_182' title='bbox 140 3795 175 3858; x_wconf 88' lang='lat' dir='ltr'>si</span> <span class='ocrx_word' id='word_1_183' title='bbox 192 3795 269 3878; x_wconf 89' lang='lat' dir='ltr'>quid</span> <span class='ocrx_word' id='word_1_184' title='bbox 286 3792 488 3867; x_wconf 83' lang='lat' dir='ltr'>intellexisti,</span> <span class='ocrx_word' id='word_1_185' title='bbox 515 3804 547 3852; x_wconf 83' lang='lat' dir='ltr'>et</span> <span class='ocrx_word' id='word_1_186' title='bbox 564 3792 703 3872; x_wconf 89' lang='lat' dir='ltr'>prodere</span> <span class='ocrx_word' id='word_1_187' title='bbox 723 3787 837 3868; x_wconf 81' lang='lat' dir='ltr'>andes,</span> <span class='ocrx_word' id='word_1_188' title='bbox 858 3794 931 3868; x_wconf 91' lang='lat' dir='ltr'>uni,</span> <span class='ocrx_word' id='word_1_189' title='bbox 954 3808 984 3856; x_wconf 87' lang='lat' dir='ltr'>et</span> <span class='ocrx_word' id='word_1_190' title='bbox 999 3797 1082 3857; x_wconf 79' lang='lat' dir='ltr'>bona</span> <span class='ocrx_word' id='word_1_191' title='bbox 1097 3800 1173 3876; x_wconf 84' lang='lat' dir='ltr'>fide,</span> 
     </span>
     <span class='ocr_line' id='line_1_25' title="bbox 142 3893 1175 3980; baseline 0.008 -24"><span class='ocrx_word' id='word_1_192' title='bbox 142 3896 341 3956; x_wconf 86' lang='lat' dir='ltr'>confidenter</span> <span class='ocrx_word' id='word_1_193' title='bbox 375 3893 495 3966; x_wconf 89' lang='lat' dir='ltr'>scribe,</span> <span class='ocrx_word' id='word_1_194' title='bbox 538 3914 573 3953; x_wconf 86' lang='lat' dir='ltr'>ne</span> <span class='ocrx_word' id='word_1_195' title='bbox 609 3894 688 3954; x_wconf 77' lang='lat' dir='ltr'>vale.</span> <span class='ocrx_word' id='word_1_196' title='bbox 738 3894 790 3954; x_wconf 82' lang='lat' dir='ltr'>Ex</span> <span class='ocrx_word' id='word_1_197' title='bbox 819 3896 1034 3980; x_wconf 83' lang='lat' dir='ltr'>Ebernburgo</span> <span class='ocrx_word' id='word_1_198' title='bbox 1063 3900 1175 3964; x_wconf 84' lang='lat' dir='ltr'><strong>XVII.</strong></span> 
     </span>
     <span class='ocr_line' id='line_1_26' title="bbox 141 3994 677 4062; baseline -0.015 0"><span class='ocrx_word' id='word_1_199' title='bbox 141 3997 273 4062; x_wconf 84' lang='lat' dir='ltr'>Calend.</span> <span class='ocrx_word' id='word_1_200' title='bbox 293 3995 448 4060; x_wconf 76' lang='lat' dir='ltr'>februar.</span> <span class='ocrx_word' id='word_1_201' title='bbox 470 3995 519 4056; x_wconf 85' lang='lat' dir='ltr'>M.</span> <span class='ocrx_word' id='word_1_202' title='bbox 530 3994 570 4058; x_wconf 90' lang='lat' dir='ltr'>D.</span> <span class='ocrx_word' id='word_1_203' title='bbox 583 3994 677 4056; x_wconf 85' lang='lat' dir='ltr'><strong>XXI.</strong></span> 
     </span>
    </p>
   </div>
   <div class='ocr_carea' id='block_1_5' title="bbox 581 4220 746 4234">
    <p class='ocr_par' dir='ltr' id='par_1_5' title="bbox 581 4220 746 4234">
     <span class='ocr_line' id='line_1_27' title="bbox 581 4220 746 4234; baseline 0.006 -3"><span class='ocrx_word' id='word_1_204' title='bbox 581 4220 746 4234; x_wconf 50' lang='lat'><em>*</em></span> 
     </span>
    </p>
   </div>
   <div class='ocr_carea' id='block_1_6' title="bbox 0 0 1314 5108">
    <p class='ocr_par' dir='ltr' id='par_1_6' title="bbox 0 0 1314 5108">
     <span class='ocr_line' id='line_1_28' title="bbox 0 0 1314 5108; baseline 0 1"><span class='ocrx_word' id='word_1_205' title='bbox 0 0 1314 5108; x_wconf 95' lang='lat' dir='ltr'> </span> 
     </span>
    </p>
   </div>
  </div>
 </body>
</html>
