2618 5108
320 39 462 259 'a

456 94 461 109 r

454 114 460 135 l

443 156 450 175 t

320 39 1215 367 =

800 439 806 449 “
883 460 894 499 1

106 734 221 869 ’,698
455 772 635 848 Atminius
660 771 852 877 Dialogus.-
881 735 883 739 v

150 973 245 1049 atque
259 961 340 1029 alios
350 963 503 1029 continue
519 965 607 1031 domi
625 979 730 1033 monis
742 965 924 1050 compressi.
944 967 1062 1033 Omnes
1074 965 1171 1046 uadi·

151 1085 215 1148 que
228 1064 415 1128 delectionis
431 1075 559 1130 autores
574 1069 741 1146 postulavi,
755 1081 787 1132 et
799 1070 966 1133 nonnullos
980 1067 1108 1150 quidem
1121 1086 1171 1129 ass

150 1185 245 1228 sensu
257 1166 457 1247 popularium
467 1165 589 1248 punivi,
601 1167 666 1229 aliis
679 1191 756 1231 vero
766 1171 888 1241 veniam
896 1168 1072 1251 petentibus
1080 1164 1170 1241 dedi,

151 1264 214 1348 Qui
231 1265 479 1347 transfugerant,
500 1268 700 1347 reprehendi.
729 1269 793 1350 Qui
807 1270 840 1332 in
856 1269 1048 1333 deditionem
1065 1282 1169 1345 erant,

147 1365 266 1447 recepi.
298 1365 419 1457 *Omnia
437 1365 564 1450 flagitiis
583 1372 786 1451 perpurgari.
825 1367 938 1452 Neque
958 1389 1015 1448 pro
1035 1368 1172 1430 Germa·

148 1465 196 1529 nis
222 1462 334 1542 habui,
363 1467 419 1550 qui
436 1467 552 1530 tributa
570 1469 687 1532 exteris
706 1470 896 1551 penderent,
931 1484 985 1529 aut
1003 1466 1068 1530 aliis
1090 1489 1171 1529 con·

147 1565 319 1653 ditionibus
348 1568 507 1630 obnoxios
537 1568 638 1631 teneri
657 1590 692 1632 se
720 1579 920 1651 paterentur,
947 1578 1181 1650 summumque

146 1665 235 1730 nefas
255 1667 464 1749 proclamavi,
496 1668 585 1750 quod
610 1667 696 1732 inter
721 1669 824 1733 Albim
844 1678 876 1728 et
896 1668 1042 1730 Rhenum
1069 1654 1181 1751 virgae¹

147 1776 179 1830 et
207 1787 336 1831 secures
366 1789 402 1830 ac
418 1770 561 1831 Romana
584 1765 633 1830 illa
652 1779 727 1849 toga
746 1785 916 1847 conspecta
934 1770 1029 1830 semel
1049 1778 1170 1831 essent.
1190 1840 1199 1861 ι

146 1864 197 1929 tbi
217 1878 283 1930 tum
297 1869 438 1931 excitatis
456 1869 569 1931 iterum
586 1869 624 1931 ad
639 1869 861 1949 capessendam
873 1868 1043 1929 libertatern
1062 1868 1169 1948 pop'u·

145 1965 256 2030 larium
272 1969 383 2033 animis
403 1969 553 2050 promisi,
574 1968 646 2030 lore
668 1971 761 2048 paulo
782 1981 869 2050 post,
891 1992 931 2031 ne
951 1970 1018 2028 ullae
1039 1968 1072 2028 in
1085 1969 1170 2031 Ger-

145 2067 246 2131 mania
275 2071 493 2132 Romanorum
518 2071 626 2131 saltem
660 2069 799 2149 reliquiae
828 2081 1046 2148 superessent,
1077 2088 1170 2150 pene

63 2191 67 2199 ·
145 2169 299 2231 memoria
314 2169 504 2233 aboleretur.
544 2172 612 2232 Nec
631 2171 664 2233 id
683 2171 873 2248 multopost
889 2168 1034 2248 praestiti,
1057 2189 1170 2252 quam·

145 2267 194 2341 vis
221 2270 306 2333 haud
325 2271 453 2353 segnius
475 2271 579 2332 omnia
600 2281 710 2332 contra
730 2272 834 2330 hostes
854 2281 1054 2331 conarentur.
1086 2269 1170 2332 Nam

144 2381 181 2429 ut
193 2367 327 2459 maxime
344 2382 491 2433 strenuus
511 2371 664 2452 quisque,
686 2381 716 2430 et
732 2368 837 2449 primic
858 2369 890 2429 in
910 2369 1077 2444 juventute
1097 2368 1170 2450 spei

144 2446 255 2541 liomae
268 2468 345 2543 luit,
367 2470 411 2532 ita
429 2470 649 2532 Germanicum
668 2469 711 2530 illi
723 2470 847 2544 bellum,
869 2468 1039 2532 ulciscendi
1051 2470 1182 2532 Varia·¹

143 2557 216 2631 nam
234 2571 355 2632 cladem
376 2571 501 2644 studio,
533 2571 753 2632 demandatum
775 2581 831 2630 est.
872 2570 963 2632 lllissi
984 2570 1067 2630 haud
1087 2589 1170 2631 con·

145 2671 332 2747 temnendus
349 2670 512 2747 bellurn,
535 2680 682 2735 Tiberius
699 2682 805 2749 Nero,
824 2682 855 2731 et
870 2672 903 2731 in
918 2669 1024 2750 paucis
1043 2690 1170 2732 connu-

143 2773 309 2867 merandps
326 2772 407 2836 illius
430 2771 543 2848 frater,
575 2770 705 2853 egregie
739 2773 885 2833 cordatus
907 2773 1001 2832 homo
1022 2781 1180 2854 Drusus,

142 2860 238 2955 etque
259 2872 311 2934 alii
337 2871 382 2935 sic
402 2894 525 2935 mecum
550 2883 767 2947 certaverunt,
796 2883 847 2945 ut,
869 2873 1002 2932 Romam
1032 2872 1166 2947 reversi,

140 2967 202 3051 ipsi
231 2973 360 3057 quidem
388 2972 623 3053 triumpharint,
657 2993 719 3048 ego
741 2993 838 3046 vcro,
866 2971 1017 3052 gliscente
1044 2964 1165 3034 indies

143 3066 303 3149 libertate,
325 3075 494 3136 immunem
523 3085 554 3134 et
572 3072 622 3133 sui
641 3071 719 3148 juris
739 3071 940 3134 Germaniam
961 3064 1162 3134 obtinuerim.

143 3165 237 3239 Tunc
257 3183 288 3234 et
310 3175 471 3257 vigentem
490 3173 584 3234 animi
605 3173 759 3234 alacritate
780 3174 1004 3254 Imperatorem
1027 3179 1178 3236 Germa·¹

140 3285 266 3350 nicam,
296 3285 327 3335 et
354 3277 453 3355 longo
485 3271 597 3334 militiae
629 3295 690 3334 usu
718 3275 889 3352 pollentem
915 3274 997 3334 illius
1021 3275 1164 3355 legatum

145 3385 341 3442 Caecinnum,
362 3395 433 3436 cum
452 3374 535 3434 mille
554 3373 646 3434 etiam
666 3395 780 3449 nares,
806 3385 952 3455 [aliquam
973 3375 1011 3433 ad
1037 3395 1165 3456 expug-

140 3478 274 3538 nandam
290 3472 432 3555 Trojam,
453 3474 603 3534 adversus
617 3496 666 3535 me
677 3485 864 3555 agerentur,
885 3474 1004 3553 magnis
1017 3495 1053 3535 ac
1069 3475 1166 3536 mise·

139 3576 184 3640 ris
204 3597 274 3639 cum
294 3577 405 3657 populi
426 3574 562 3637 Romani
583 3574 722 3636 cladibus
743 3573 877 3637 sustinui
898 3595 933 3634 ac
952 3575 1107 3652 repressi,
1131 3587 1165 3639 et

141 3689 383 3757 Coriovaldum,
402 3668 596 3736 Batavorum
616 3675 749 3750 Ducem,
770 3674 851 3735 inter
880 3673 995 3735 arixilia
1017 3676 1167 3739 Romana

139 3778 242 3842 multis
257 3799 328 3839 cum
349 3775 507 3837 nobilibus
528 3774 639 3835 cecidi.
679 3773 789 3835 Cattos
810 3795 844 3834 ac
856 3773 977 3835 Frisios
997 3796 1014 3834 a
1035 3773 1167 3840 diversa

139 3891 170 3961 et
190 3879 276 3960 ipsos
297 3888 385 3958 parte
413 3874 540 3937 vindice
561 3874 643 3936 bello
661 3874 801 3935 contudi.
827 3872 952 3935 lnter'ea
965 3872 1167 3940 machinante

138 3979 222 4041 illine
242 3979 338 4039 fratre
359 3974 488 4051 Flavio,
511 3970 716 4055 Inguiomero
738 3973 825 4035 domi
843 3974 1048 4048 connivente,
1071 3975 1189 4062 flagi-⁸

139 4079 218 4142 liosa
237 4078 318 4140 lacta
350 4098 367 4136 a
388 4076 519 4155 Segeste
540 4075 681 4136 transitio
705 4086 761 4136 est.
801 4078 871 4155 Qua
891 4074 1029 4136 nefarius
1049 4077 1165 4155 prodi-

137 4192 189 4243 tor
210 4201 249 4242 ne
271 4176 339 4241 filiae
365 4173 494 4259 quidem
514 4195 596 4250 sure,
619 4174 714 4235 uxori
734 4197 825 4250 mese,
847 4186 878 4234 et
898 4175 1000 4234 eidem
1020 4177 1164 4254 gravide

138 4279 290 4363 pepercit,
312 4277 367 4340 sed
388 4291 419 4337 et
438 4276 529 4352 hanc,
550 4287 581 4335 et
601 4275 673 4336 alias
695 4275 844 4356 quasdam
861 4275 981 4335 nobiles
1002 4275 1164 4355 foeminas,

136 4381 171 4443 in
190 4379 370 4461 pudendam
390 4396 498 4439 secum
517 4374 747 4460 captivitatem,
768 4387 800 4438 et
820 4374 859 4435 ad
878 4376 1071 4456 triumphum
1092 4378 1165 4442 Ro·
