2618 5108
137 857 210 934 Bll
307 859 384 940 Uir,
411 857 456 929 ab
482 856 622 929 Hutten
640 876 733 927 eum
758 852 912 928 Erasmo
937 806 1074 927 Rots'

140 1052 201 1115 mel
222 1059 276 1111 aut
295 1051 408 1113 iterum
429 1050 650 1120 convenirem,
671 1066 728 1126 per
749 1046 815 1108 dies
836 1048 904 1127 plus
925 1044 1165 1129 quinquaginta,

141 1172 223 1235 quos
250 1150 319 1211 istic
347 1150 489 1224 substiti,
517 1149 570 1231 qui
597 1150 678 1229 saepe
706 1148 737 1207 in
767 1146 871 1208 medio
894 1145 966 1208 foro
999 1157 1079 1206 totas
1100 1157 1166 1207 tres

107 1308 109 1312 ,
142 1254 235 1314 horas
256 1251 492 1312 confabulantes
518 1250 633 1311 amicos
661 1247 821 1309 sustinui?
851 1248 923 1308 Hoc
952 1257 998 1308 cst
1023 1256 1076 1306 tua
1097 1246 1170 1326 dig·

142 1374 218 1413 num
237 1351 407 1432 gravitate,
428 1352 473 1411 rei
492 1350 660 1411 manifestae
678 1348 789 1410 falsum
807 1349 939 1410 induere
956 1348 1112 1420 colorem,
1136 1357 1169 1408 et

143 1473 224 1520 vana
245 1452 351 1532 specie
377 1449 725 1533 verumadumbrare?
760 1453 865 1530 rltque
893 1448 974 1507 baud
1004 1447 1090 1521 sci0‚
1125 1467 1167 1507 an

146 1549 260 1629 aegrius
288 1553 350 1613 haec
374 1571 423 1612 me
444 1552 552 1613 lrabeat
574 1571 658 1610 nnnc
684 1548 822 1609 vafrities
850 1560 917 1619 tua,
949 1569 1042 1630 quam
1063 1546 1169 1624 ipsum

144 1651 279 1726 factum,
310 1672 375 1732 quo
399 1673 448 1712 me
468 1662 579 1712 tractas
600 1650 831 1710 inciviliasime?
862 1648 925 1711 Odi
952 1648 1034 1709 enim
1055 1658 1171 1710 natura

145 1752 272 1825 fucum,
292 1751 477 1813 sinceritatis
498 1752 624 1813 amicus.
662 1753 775 1831 Neque
795 1770 926 1830 usquam
947 1748 1045 1829 magis
1066 1750 1171 1830 offen-¹

144 1852 222 1926 dor,
246 1872 339 1933 quam
359 1852 415 1912 nbi
434 1873 499 1913 non
521 1855 617 1925 rere,
644 1869 748 1931 neque
769 1872 809 1910 cx
830 1850 954 1923 animo,
973 1850 1023 1930 agi
1043 1871 1170 1911 mecum

144 1951 251 2011 videa.
291 1951 353 2012 Sed
383 1951 454 2013 fore
483 1973 548 2012 non
568 1949 701 2030 putasti,
735 1960 769 2009 ut
789 1949 821 2009 in
841 1949 1100 2028 disceptationem
1119 1949 1171 2011 ni·

143 2051 198 2114 ltili
217 2072 285 2113 rem
305 2052 470 2112 mitterem.
508 2052 620 2133 Itaque
645 2050 685 2111 de
712 2071 761 2110 me
789 2070 918 2111 securus
948 2072 1032 2124 eras,
1060 2071 1100 2110 ne
1130 2061 1171 2112 ut

145 2149 293 2229 injuriam
314 2153 564 2230 expostularem,
590 2149 656 2210 aliis
677 2149 857 2230 opinionem
878 2151 918 2211 de
939 2163 969 2210 te
991 2151 1171 2212 inlnrmani-

143 2253 214 2313 tatis
235 2251 376 2311 eximere
395 2250 531 2310 voluisti.
568 2252 623 2309 Nec
643 2260 691 2323 tu,
713 2250 739 2310 si
758 2250 818 2309 hoc
838 2249 952 2323 sentis,
978 2252 1059 2311 hand
1079 2262 1172 2314 recte

145 2371 196 2412 me
217 2348 311 2410 nosti.
361 2351 433 2430 Ego
467 2370 531 2409 non
562 2349 753 2410 vehementis
783 2347 904 2428 injuria·-
931 2352 1002 2410 loco
1023 2351 1168 2430 habeam,
1205 2411 1209 2422 ,

145 2452 225 2512 male
245 2448 368 2510 tractari
393 2450 432 2509 ab
458 2449 576 2522 amieo,
615 2452 667 2511 cui
693 2471 762 2512 mea
786 2470 910 2530 semper
929 2451 1055 2528 cognita
1076 2452 1172 2530 fides,

146 2570 215 2611 mea
250 2559 414 2629 perspecta
442 2549 677 2625 benevolentia,
719 2560 750 2609 ct
776 2548 903 2632 quicum
935 2550 1049 2611 deinde
1083 2555 1173 2616 nulla

145 2647 323 2712 intercessit
342 2650 479 2724 offensa,
507 2649 597 2730 cujus
618 2651 745 2732 quidem
767 2652 817 2711 vel
838 2662 870 2711 tu
890 2671 940 2711 me
962 2672 1092 2731 arguas,
1115 2656 1171 2715 rel

145 2751 215 2832 ipse
241 2750 387 2812 conscius
414 2750 488 2812 milii
514 2750 594 2812 sim?
621 2752 730 2813 Audes
757 2761 790 2811 tu
811 2771 888 2812 rero
919 2773 1036 2832 negare
1061 2754 1116 2814 abs
1138 2765 1172 2816 te

145 2853 323 2930 repulsum,
352 2870 423 2911 eum
443 2850 539 2926 scias,
568 2851 683 2934 ‘quibus
708 2862 739 2911 te
759 2850 802 2911 ibi
823 2853 953 2913 testibus
974 2854 1171 2918 convincere

145 2951 238 3012 facile
258 2953 412 3015 habeam?
439 2955 482 3016 Ar
501 2954 533 3014 in
554 2964 670 3013 tanturn
692 2972 756 3011 non
777 2952 908 3031 puta'sti,
942 2954 1003 3013 hoc
1023 2953 1171 3018 futurum

147 3072 287 3134 unquam
307 3074 389 3114 curae
409 3055 501 3127 mihi,
524 3064 559 3114 ut
578 3052 696 3114 veritus
716 3073 782 3112 non
801 3052 842 3113 sis
864 3053 990 3134 quidvis
1010 3054 1060 3114 liic
1080 3074 1171 3117 com-

148 3151 280 3213 minisci.
302 3153 401 3233 ‚atini
422 3175 499 3215 vcro
520 3174 600 3214 curre
620 3153 986 3234 inprimissemperfuit,
1007 3165 1043 3215 ut
1061 3170 1172 3218 sancte

149 3252 298 3315 amicitias
318 3256 472 3327 colerem3
501 3275 606 3336 neque
626 3264 677 3315 aut
706 3253 774 3332 frigi
800 3255 896 3314 ullum
917 3256 1015 3336 magis
1037 3258 1172 3336 crimen,

151 3374 247 3436 quam
271 3355 355 3415 malae
381 3354 573 3416 tractationis
599 3354 637 3415 ab
667 3355 767 3416 amico
787 3355 956 3434 postulari;
987 3368 1040 3417 arrt
1058 3371 1175 3423 eontra

150 3453 284 3536 aliquam
311 3455 424 3535 aegrius
450 3454 665 3535 indignitatem
692 3456 769 3529 tuli,
802 3475 895 3535 quam
924 3456 963 3515 ab
990 3457 1098 3539 aliquo
1125 3460 1173 3522 ibi

148 3556 292 3618 fraudem
311 3556 385 3617 milri
405 3557 484 3617 lieri.
523 3556 606 3619 Scias
627 3556 739 3638 igitur,
759 3540 990 3619 acerbissimum
1012 3559 1072 3618 boc
1094 3562 1174 3624 milri

150 3657 204 3719 abs
225 3668 256 3718 tc
276 3657 456 3735 contigisse.
513 3658 654 3736 Quidni?
680 3655 741 3735 Qui
762 3666 793 3716 te
818 3669 851 3718 et
870 3669 923 3719 tua
943 3660 1173 3736 praedicatione

150 3768 183 3819 et
201 3778 270 3819 mea
289 3757 480 3820 conscientia
501 3761 589 3821 aliter
608 3779 671 3819 non
693 3778 784 3840 qnam
806 3758 902 3819 veluti
919 3759 1073 3841 religione
1092 3784 1174 3844 qua-

149 3857 219 3936 dam
248 3869 424 3934 contactus,
462 3861 713 3924 reverentissime
740 3882 864 3940 semper
894 3862 995 3935 colui,
1024 3864 1110 3924 lmnc
1134 3876 1175 3928 tu

150 3959 282 4041 dignum
300 3980 363 4020 non
385 3958 560 4035 existimas,
591 3962 717 4044 ‹pricum
745 3984 921 4024 sermonem
948 3962 1076 4024 socies?
1105 3966 1174 4044 Qui

150 4078 208 4139 per
228 4078 321 4119 omne
346 4061 406 4120 hoc
426 4070 567 4140 tempus,
600 4084 664 4144 quo
685 4061 744 4124 fuit
764 4063 845 4123 inter
868 4085 926 4124 nos
949 4062 1101 4138 amicitia,
1124 4065 1174 4128 sic

150 4158 273 4221 fervide
294 4160 372 4223 illam
393 4163 495 4236 colui,
526 4175 561 4223 ut
580 4186 673 4225 nemo
696 4165 795 4225 adhuc
816 4163 959 4225 inimicus
990 4163 1044 4223 tibi
1066 4165 1173 4227 conti·

149 4261 249 4342 gerit,
280 4274 388 4324 contra
411 4285 504 4346 quem
526 4285 590 4326 non
613 4265 714 4328 statim
746 4265 919 4326 inimicitias
945 4263 1012 4342 ipse
1033 4286 1171 4347 quoque

148 4362 358 4443 susceperim,
391 4385 462 4424 eum
483 4374 543 4426 tarn
563 4368 675 4430 leviter
702 4366 833 4427 amicum
863 4366 973 4440 babes,
1004 4377 1040 4425 ut
1060 4366 1104 4427 ob
1121 4379 1172 4427 te·

148 4462 329 4568 nuissimam
351 4486 374 4526 a
392 4464 534 4546 pessimis
552 4467 730 4530 horninibus
751 4466 963 4549 suspicionem
984 4466 1092 4529 abste
1112 4489 1173 4530 ex-
