2618 5108
233 768 374 851 Eraami
398 769 482 843 Rot.
507 773 555 846 ad
578 769 645 847 Bil.
667 768 861 848 Pirklreim.
897 772 1013 873 Epist.
1063 760 1153 882 didi

126 960 201 1029 lium
218 963 353 1045 maxime
377 961 548 1045 placuisse,
578 984 678 1047 seque
707 965 791 1049 apud
817 965 1006 1029 Pontificem
1029 966 1136 1029 vum

126 1065 302 1147 plurimum.
342 1065 414 1145 Ego
443 1085 493 1126 me
523 1064 563 1126 ab
586 1063 633 1126 bia
654 1065 908 1128 contentionibus
930 1067 1072 1144 abduco,
1103 1077 1136 1130 et

126 1167 164 1228 ntl
184 1163 407 1253 tranquilliora.
445 1163 484 1225 ln
500 1164 737 1245 paraphrasibus
753 1166 918 1230 tractandis
935 1166 1047 1229 virleor
1060 1165 1136 1230 milti

125 1268 195 1330 fieri
214 1258 342 1340 melior,
363 1276 396 1326 et
419 1284 513 1326 nomo
535 1266 664 1328 laeditur.
702 1264 889 1328 Gravamina
907 1265 1046 1329 reddidit
1060 1262 1137 1329 mibi

20 1449 24 1458 Ι
126 1379 257 1451 Sylvius
274 1376 470 1452 Aegrarius,
495 1365 551 1428 sed
583 1367 725 1431 nondum
750 1365 882 1450 perlegi.
931 1358 965 1427 Si
989 1377 1025 1428 tu
1049 1377 1137 1431 recle

126 1474 229 1542 vales,
249 1479 313 1543 est,
337 1469 424 1550 quod
443 1486 634 1546 magnopere
654 1467 818 1548 gaudeam.
867 1465 1037 1542 derideo,
1057 1467 1137 1530 alius

126 1571 185 1632 sibi
205 1571 335 1650 sumpsit
355 1582 476 1648 partes,
502 1564 657 1630 reddendi
681 1565 777 1629 libros
803 1588 891 1630 meos
919 1579 1135 1646 Ferdinando,

125 1687 161 1734 ut
180 1671 296 1754 aliquid
316 1669 355 1730 ab
381 1689 421 1730 eo
448 1676 664 1749 extorqueret.
711 1666 788 1729 Misi
814 1679 885 1749 post
909 1668 1029 1733 libellos
1048 1670 1145 1751 inan,

124 1780 221 1835 ratos.
270 1768 489 1832 Fordinandus
510 1779 540 1831 et
559 1765 656 1829 literis
676 1766 903 1832 humanissimis
927 1771 1039 1853 gratias
1060 1766 1134 1852 agit,

125 1884 157 1933 et
186 1882 308 1933 centum
335 1871 476 1932 florenos
504 1887 618 1930 aureos
648 1866 735 1929 dono
760 1867 856 1931 misit.
900 1869 1062 1947 Emoriar,
1092 1860 1156 1934 snt

126 1981 300 2048 Bilihalde,
329 1966 356 2030 si
387 1966 564 2031 crediturus
589 1987 690 2043 eram,
720 1967 755 2029 in
787 1968 944 2034 universis
971 1962 1155 2035 Germanis¹

126 2093 195 2133 esse
215 2081 334 2133 tanturn
353 2066 598 2142 inhumanitatis,
624 2066 840 2147 impudentia,
868 2070 1029 2148 vanitatis,
1048 2070 1155 2159 viru.-

124 2173 243 2249 lentie,
265 2179 415 2255 quantum
432 2168 525 2231 habet
540 2188 623 2252 unus
650 2167 770 2232 libellus
786 2180 928 2239 Haerent.
968 2172 1034 2235 Tot
1050 2170 1137 2235 testi,

124 2273 238 2339 moniis
259 2280 387 2333 ornatus
407 2278 456 2332 est
474 2288 493 2330 n
511 2287 573 2329 me.
621 2268 732 2332 Tatios
752 2291 809 2351 per
826 2292 878 2334 me
896 2291 955 2335 suo
976 2269 1154 2337 cardinal·

126 2397 163 2440 ac
182 2369 300 2436 cacteris
321 2368 522 2451 Principibus
542 2368 775 2434 commendatus
795 2384 859 2448 est;
891 2371 932 2435 dc
957 2374 1044 2436 nullo
1063 2393 1153 2437 can-¹

125 2475 229 2541 didius
260 2471 432 2537 sentiebam
459 2481 493 2532 et
521 2467 685 2552 loquebar.
729 2472 899 2557 Nunquam
926 2494 1014 2538 arne
1034 2474 1135 2542 verbo

124 2583 213 2643 lusus
238 2590 294 2638 est.
326 2572 393 2634 lmo
408 2591 478 2632 cum
495 2568 546 2631 lric
557 2578 655 2645 esset,
676 2568 777 2634 obtuli
789 2574 997 2659 colloquium,
1018 2574 1137 2659 siquid

124 2689 207 2740 essct
224 2676 271 2739 rei
291 2671 393 2737 seria:
413 2670 510 2734 detuli
524 2668 554 2731 ei
574 2668 719 2747 officium,
741 2674 874 2758 siquod
893 2696 911 2736 a
929 2696 980 2737 me
998 2672 1137 2756 prestari

124 2779 229 2840 vellet.
274 2772 358 2838 Nihil
387 2771 489 2836 minus
509 2769 728 2853 expectabam,
761 2795 854 2857 quam
879 2774 965 2839 hunc
988 2779 1153 2861 assultum¹

125 2879 164 2942 ab
194 2878 348 2940 Huttcno.
396 2871 508 2935 Multis
535 2868 725 2952 conjecturis
753 2874 911 2952 adducor,
938 2888 975 2939 ut
999 2876 1135 2954 credam,

123 2992 295 3048 Hauricum
321 2984 579 3057 Eppendorpt’um
605 2969 700 3052 hujus
729 2971 841 3037 tabula
859 2976 1022 3053 artificem
1055 2977 1136 3041 adeo

123 3084 174 3147 ille
212 3080 317 3145 subito
351 3076 451 3138 lactus
484 3084 533 3136 est
566 3072 785 3137 Huttenianus.
835 3076 907 3160 Ego
934 3086 1037 3141 tamen
1069 3098 1157 3143 non·

124 3182 264 3245 desinam
284 3198 354 3241 esse
373 3174 479 3239 similis
498 3173 571 3236 mei.
617 3173 768 3235 Nondum
786 3177 897 3253 statui,
924 3199 962 3241 an
980 3179 1075 3243 velim
1091 3179 1136 3243 illi

123 3280 329 3363 respondere.
386 3275 493 3351 Furit,
532 3293 593 3336 nec
620 3272 714 3335 habet
737 3275 829 3357 cujus
855 3277 1004 3358 jacturam
1032 3278 1135 3342 iaciat.

123 3380 251 3463 Fugitat
283 3399 319 3440 ac
346 3377 443 3440 latitat
472 3397 557 3439 nunc
586 3373 669 3454 apud
695 3374 877 3455 Helvetios,
917 3399 983 3442 non
1015 3378 1135 3461 abstpre

121 3481 279 3565 periculo.
316 3478 421 3542 Fovet
439 3477 524 3541 illum
544 3489 729 3567 Zwinqlius
756 3478 942 3562 Thurregii‚
972 3476 1027 3540 sed
1046 3480 1155 3575 clam..

122 3587 212 3650 Bene
245 3585 347 3646 valeat
373 3602 462 3645 meus
490 3579 672 3643 Bilibaltlus.
725 3578 861 3663 Reliqua
890 3577 1056 3659 cognoscis
1093 3598 1135 3640 ex

121 3682 285 3777 Aeqrauo.
300 3692 306 3705 “
324 3682 454 3751 Basileus
474 3683 521 3747 tl.
543 3684 610 3749 Cal.
631 3682 716 3764 Aug.
734 3682 830 3744 Anno
850 3679 898 3741 M.
912 3678 952 3740 D.
963 3677 1073 3742 xxtl.

615 3785 774 3841 Erasmus
790 3799 860 3838 vere
879 3788 961 3837 tuus.
