2588 5048
194 784 267 861 264
485 787 527 859 In
553 786 763 862 Concilium
786 749 932 863 Wornt.

194 999 230 1044 se
251 979 341 1062 qnod
370 980 538 1061 profitetur
564 980 640 1044 ille?
672 980 706 1044 Si
732 980 836 1044 adhuc
863 978 1043 1047 homintiuts
1070 979 1224 1062 placeam.
1245 1055 1249 1061 ,

193 1077 371 1164 (inquiens)
392 1080 510 1144 Christi
526 1101 637 1145 servus
657 1103 723 1144 non
743 1101 857 1146 essem.
894 1083 936 1143 Et
948 1081 1037 1165 quod
1055 1103 1074 1144 a
1093 1091 1225 1147 loanne

192 1180 337 1245 dicitur?
364 1182 398 1245 Si
425 1183 496 1265 quis
523 1181 622 1265 diligit
641 1183 811 1259 mundum,
841 1193 973 1246 nonest
992 1183 1102 1246 caritas
1123 1182 1223 1265 patris

194 1280 229 1347 in
243 1303 300 1358 eo;
324 1283 475 1366 quoniam
491 1302 602 1361 omne,
622 1284 712 1367 quod
730 1293 777 1347 est
790 1282 967 1361 inmundo,
986 1284 1083 1346 ueluti
1101 1305 1225 1349 concn-

195 1383 349 1465 piscentia
368 1385 488 1461 carnis,
518 1395 550 1447 et
576 1386 832 1468 concupiscentia
858 1389 1040 1462 oculorum,
1068 1403 1100 1448 et
1120 1386 1223 1448 l'astus

195 1483 280 1560 vita,
310 1504 376 1546 non
398 1494 506 1546 estex
525 1495 631 1564 patre,
658 1485 716 1548 sed
744 1509 785 1550 cx
813 1487 932 1550 mtntdo
963 1504 1020 1550 est.
1070 1488 1120 1549 tte
1140 1507 1222 1547 vero

195 1586 300 1670 (quod
323 1597 540 1669 Hieronymus
566 1588 670 1664 caret)
699 1587 785 1650 lucra
811 1587 913 1652 seculi
941 1588 974 1650 in
995 1585 1115 1652 Christi
1135 1609 1223 1672 tptre·

194 1687 257 1752 rite
284 1687 405 1751 militia.
453 1688 505 1749 Sic
532 1696 635 1752 autem
661 1688 744 1770 agite
771 1691 967 1773 Episcopos,
998 1685 1129 1751 ut'non
1157 1690 1223 1752 sitis

196 1790 305 1865 oneri,
337 1790 394 1852 sed
414 1788 617 1871 adjumento,
653 1801 685 1853 et
705 1791 971 1874 quemadmodum
991 1791 1042 1853 illc
1063 1790 1123 1853 ait:
1155 1811 1224 1852 non

194 1904 232 1956 ut
249 1912 309 1954 vos
329 1893 537 1975 expleamini,
568 1893 625 1954 sed
651 1909 686 1953 ttt
712 1913 753 1954 ne
776 1914 838 1953 nos
856 1894 964 1955 inanes
992 1912 1222 1966 remaneamus,

196 2004 257 2076 pro
285 1993 402 2077 quibus
428 1993 650 2057 omniadeeet
675 1995 857 2072 expendere
887 2014 964 2070 ros,
996 1996 1090 2055 vitant
1117 1993 1223 2066 etiarn,

194 2096 343 2176 'exemplo
363 2095 434 2175 ejus
455 2096 605 2176 pastoris,
626 2094 682 2178 qui
695 2096 827 2157 animam
841 2115 929 2158 suant
948 2095 1055 2176 posuit
1074 2114 1134 2174 pro
1153 2093 1223 2155 ovi·

194 2195 255 2259 bus
274 2195 356 2271 suis,
377 2195 470 2257 vobis
491 2198 671 2276 exemplum
691 2197 786 2272 dans,
807 2199 896 2279 quod
909 2194 1117 2260 imitaremini.
1157 2196 1222 2258 Sed

196 2298 275 2381 quid
294 2298 359 2359 hec
378 2318 440 2381 ego
461 2297 577 2361 frustra
596 2300 682 2381 apud
700 2319 776 2372 vos,
797 2300 943 2362 animales
963 2297 1123 2370 homines,
1154 2318 1224 2358 non

194 2397 387 2477 accipientes
407 2420 462 2475 ea,
494 2411 656 2482 quaesunt
689 2402 813 2480 spiritus
842 2401 927 2463 Dei?
958 2401 1084 2463 Utinam
1116 2408 1223 2460 autent

195 2497 389 2580 acciperetis.
435 2501 514 2562 Nam
539 2501 572 2562 in
592 2513 728 2565 vestram
747 2505 808 2564 hoe
834 2524 900 2565 rem
919 2513 1017 2577 esset,
1053 2499 1110 2584 qui
1130 2499 1224 2561 valde

193 2613 321 2675 metuo,
353 2612 388 2664 ut
407 2600 483 2664 eitra
501 2601 664 2682 ingentem
682 2604 861 2685 reipublice
886 2603 1068 2666 Christiane
1088 2621 1225 2663 concus-

193 2703 334 2782 sionem,
354 2703 455 2787 redigi
469 2705 501 2766 in
517 2706 658 2768 ordinem
675 2706 813 2788 possitis.
853 2707 904 2767 Sic
917 2702 1120 2787 pertinaciter
1136 2702 1225 2766 enim

193 2825 339 2870 errorent
367 2806 554 2883 defenditis,
585 2819 620 2870 ut
648 2808 846 2870 acerbissima
876 2828 959 2889 opus
978 2827 1047 2869 esse
1066 2802 1225 2867 medicina

194 2907 358 2984 vitleatur,
386 2928 453 2993 quo
474 2908 662 2990 gravissimo
683 2911 867 2991 languentes
889 2909 1020 2983 morbo,
1054 2906 1086 2968 in
1107 2904 1224 2968 sanita·

194 3020 259 3072 teru
277 3009 496 3073 restituamini.
540 3012 639 3091 Quod
664 3011 823 3091 reputanti
851 3009 925 3071 inihi
950 3008 982 3069 in
1008 3019 1144 3070 mentem
1164 3028 1224 3070 ve·

193 3108 255 3184 nit,
286 3112 351 3173 haec
379 3111 429 3173 illa
458 3133 528 3175 esse
547 3111 725 3192 periculosa
746 3125 904 3191 tempora,
936 3111 1052 3195 quibus
1080 3111 1120 3172 tle
1140 3131 1226 3171 nun·

193 3233 289 3298 quant
314 3214 410 3275 salsus
446 3224 533 3274 vates
573 3223 696 3279 Paulus
724 3214 883 3295 predixit,
918 3233 989 3275 cnm
1021 3211 1079 3274 ait:
1117 3213 1225 3273 Erunt

193 3315 278 3381 enirn
305 3316 466 3392 homines,
502 3315 551 3378 sui
578 3329 733 3388 amantes,
764 3316 864 3390 arari,
893 3314 1041 3389 fastuosi,
1077 3311 1223 3393 superbi,

191 3420 344 3496 maledici,
366 3419 548 3502 parentibus
569 3417 778 3499 immorigeri.
802 3416 927 3499 ingrati,
950 3415 1054 3496 impii,
1075 3425 1222 3477 carentes

192 3524 317 3598 affectu,
337 3521 435 3584 nescii
452 3521 596 3595 federis,
611 3520 865 3593 calumniatores,
886 3518 1144 3597 intemperantes,
1161 3513 1223 3577 im·

192 3623 296 3700 mites,
316 3623 532 3706 negligentes,
552 3621 711 3682 bonorum
731 3620 932 3701 proditores,
954 3617 1148 3700 praecipites,
1169 3616 1223 3678 in·

191 3724 270 3799 listi,
310 3726 507 3803 voluptatum
540 3734 678 3786 amantes
710 3725 830 3802 potius,
864 3741 956 3805 quant
983 3732 1120 3782 amantes
1145 3717 1222 3793 Dei,

190 3823 341 3888 habentes
369 3824 503 3886 formam
522 3827 659 3907 pietatis,
694 3824 750 3886 scd
772 3823 826 3905 qni
847 3823 911 3885 vim
933 3821 1002 3901 ejus
1023 3819 1224 3901 abnegarint.

191 3926 244 3987 Ex
264 3924 381 4009 quibus
401 3925 508 3987 verbis
535 3924 672 3988 obscure
693 3924 831 3999 sentitis,
866 3944 948 4006 quos
968 3921 1111 3986 homines
1130 3921 1223 3984 lutu-

190 4038 243 4089 t'os
264 4026 486 4108 impedimento
508 4027 582 4090 fidet
610 4037 641 4087 et
661 4025 808 4108 religioni
827 4024 1032 4106 praedixerit?
1065 4024 1133 4087 Aut
1152 4043 1221 4086 non

190 4127 360 4213 agnoscitis
383 4128 478 4189 vitatu
499 4147 669 4210 moresque
690 4139 814 4189 vestros
837 4130 897 4189 ltoc
917 4127 949 4188 in
970 4124 1127 4216 speculo?
1153 4122 1222 4188 Sed

188 4229 455 4316 quemadmodum
481 4228 616 4309 pessima
643 4241 817 4293 tentaturos
845 4249 904 4290 vos
934 4229 1001 4303 ille,
1038 4238 1069 4290 et
1096 4225 1221 4289 idcirco

186 4331 358 4416 fugiendos
390 4331 592 4410 praemonuit,
626 4331 669 4392 ita
703 4331 833 4393 exitium
866 4353 999 4414 quoque
1027 4329 1075 4393 rei
1102 4329 1220 4392 codem

185 4430 330 4513 previdit
364 4429 487 4512 spiritu.
536 4433 812 4514 Quemadmodum
851 4432 999 4516 inquiens
1029 4431 1149 4496 Jannes
1185 4441 1222 4494 et
