2618 5108
143 761 214 839 2⁴⁸
431 762 474 837 In
493 765 590 838 Mar.
616 767 869 841 Caraociolum

140 955 221 1019 tina
240 953 351 1033 uobis,
385 969 536 1040 qtrantum
562 959 601 1020 ab
619 958 700 1021 urbe
731 959 835 1021 Roma
858 954 946 1032 lites,
974 956 1002 1020 si
1028 976 1099 1040 qua
1117 958 1160 1020 de

141 1056 325 1121 sacerdotiis
345 1060 462 1122 uostris
483 1059 635 1123 oriantur.
672 1058 819 1120 Breviter
837 1069 872 1121 ut
888 1056 980 1120 liberi
998 1057 1060 1120 sint
1080 1056 1162 1119 Ger·

140 1155 241 1233 mani,
263 1169 295 1220 et
320 1170 406 1221 rcctc
428 1159 616 1237 Christiani,
646 1181 713 1222 non
732 1159 882 1235 tantillum
910 1157 1038 1239 iuquam
1057 1158 1161 1238 potuit

120 1276 234 1323 ‚more
255 1259 309 1321 abs
329 1270 359 1319 te
379 1259 480 1321 ferri?
508 1261 571 1322 Sed
589 1261 805 1341 perricturum
824 1257 1160 1334 tece1·tun1habes.*)

140 1356 207 1421 Scis
218 1357 293 1420 nihil
305 1360 492 1436 effecturos,
510 1361 565 1445 qui
576 1362 743 1423 adversum
752 1379 902 1420 conamur
913 1359 979 1433 ⁶⁰),
996 1359 1097 1419 fretus
1113 1367 1163 1418 tot

138 1455 190 1537 bic
209 1458 458 1539 Episcoporum,
495 1464 694 1542 quorundam
719 1461 810 1522 ctiam
835 1479 921 1521 nunc
946 1458 1160 1521 Cardinalium

140 1559 303 1640 prasidio,
321 1563 374 1641 qui
387 1573 489 1622 tamen
500 1582 660 1644 uunquam
669 1584 730 1624 una
741 1562 897 1635 facerent,
915 1559 974 1621 uisi
986 1567 1163 1620 metuerent

139 1678 182 1721 ex
203 1660 260 1721 hac
281 1662 517 1743 oppugnatione
537 1662 689 1742 tyrannidi
709 1662 801 1724 etiam
828 1660 888 1740 ipsi
914 1683 987 1722 suro.
1028 1661 1069 1720 At
1090 1679 1162 1720 mea

138 1757 236 1845 longe
256 1760 313 1821 alia
331 1782 422 1840 spos,
442 1763 500 1823 ali'a
512 1763 591 1824 ratio
608 1775 664 1824 est.
702 1763 858 1824 Futurum
875 1761 957 1823 enirn
973 1759 1064 1821 brevi
1083 1780 1160 1819 con-

137 1863 221 1940 fido,
252 1873 287 1924 ut
307 1863 379 1945 quia
399 1883 464 1923 nou
484 1864 599 1925 habent
630 1865 696 1925 haec
717 1883 782 1945 quo
802 1861 933 1922 ulterius
953 1859 1162 1940 progredian-

138 1971 206 2057 Ἢ,
225 1963 350 2024 tandem
370 1962 433 2040 jam
453 1965 624 2025 consistant
644 1977 675 2025 ct
694 1964 850 2043 expirent.
889 1962 932 2022 At
952 1982 1062 2039 magna
1082 1980 1159 2021 con-

136 2058 253 2147 tripris
274 2074 337 2138 est,
364 2062 604 2124 obluctabimur.
654 2064 822 2126 Difficultas
851 2073 915 2136 est3
942 2062 1161 2140 expediemur.

137 2148 241 2245 Etiam
283 2161 459 2244 periculum
496 2161 666 2236 incumbi13
702 2163 886 2225 audebimus
932 2182 1159 2242 perrumperet

141 2254 336 2341 audebimus.
385 2260 481 2340 Quod
501 2281 575 2322 cum
593 2262 665 2323 dico
687 2264 797 2338 toties,
829 2283 869 2324 ue
889 2273 965 2342 puta
983 2277 1037 2322 aut
1054 2260 1160 2324 surdis

138 2342 246 2425 dicere
266 2381 334 2434 me,
366 2371 419 2420 aut
448 2363 550 2422 solum
576 2362 693 2424 dicere.
731 2364 804 2428 Non
835 2383 943 2425 omues
969 2359 1020 2442 ajo
1041 2370 1159 2445 carent,

140 2448 197 2543 qui
224 2477 337 2521 vocem
367 2471 551 2541 temperant.
601 2463 674 2543 Ego
701 2461 829 2524 tiberius
858 2465 991 2545 loquor,
1022 2461 1072 2522 alii
1091 2480 1159 2522 uon

140 2557 244 2639 minus
259 2558 357 2623 libere
373 2560 523 2624 sentiunt.
553 2562 594 2623 Et
610 2561 637 2624 si
654 2565 826 2646 loquuntur
842 2562 933 2624 etiam
949 2562 1000 2623 alii
1015 2563 1159 2653 quidam3

140 2678 203 2743 ego
222 2669 350 2724 strenue
369 2662 495 2737 hortor,
514 2662 603 2724 multi
620 2662 737 2725 facient
755 2663 889 2725 fortiter.
928 2665 1008 2724 Nam
1027 2662 1105 2746 quid
1125 2673 1161 2724 tu

138 2762 257 2840 eredis,
283 2761 392 2826 edictis
415 2763 517 2827 statim
536 2763 685 2827 debellari
705 2784 800 2844 posse
821 2775 869 2826 tot
886 2763 1025 2826 liberos?
1063 2761 1161 2837 Scias,
1200 2827 1201 2831 ,

141 2858 314 2927 deterreri
334 2863 473 2948 quidem.
512 2866 606 2927 Haud
627 2866 668 2927 ita
687 2886 794 2927 sumus
815 2884 920 2926 rerum
940 2862 1096 2944 imperiti,
1122 2873 1159 2924 ut

138 2963 250 3049 piacita
268 2965 471 3047 Principum,
501 2966 606 3029 subito
626 2978 658 3029 et
677 2965 842 3028 momentis
862 2962 1036 3038 variabilia,
1066 2962 1158 3043 iguo·

137 3085 256 3131 remus.
301 3065 391 3128 Nacti
417 3067 684 3147 opportunitatem
718 3065 864 3150 quiddam
887 3064 1025 3126 suasistis
1054 3065 1161 3124 adole·

137 3163 239 3249 acenti
258 3164 417 3243 Principi,
438 3187 526 3227 suam
545 3168 645 3230 adhuc
665 3179 801 3241 sortem,
823 3187 914 3228 suum
934 3177 1047 3226 statum
1067 3164 1159 3246 igno·-

138 3264 229 3359 rppti.
269 3265 388 3341 Cessit,
409 3266 562 3346 permisit.
607 3269 696 3329 Idem
717 3269 794 3350 quid
811 3266 906 3328 saciet
927 3277 1076 3346 expertus
1096 3277 1159 3327 sta-

137 3368 192 3447 tim
209 3379 298 3449 post,
319 3367 406 3450 quod
426 3387 536 3428 omnes
555 3379 625 3429 ante
646 3367 796 3431 Germani
816 3368 1042 3447 Imperatores,
1064 3366 1160 3428 fidem

136 3485 204 3553 non
223 3476 331 3528 tenere
352 3468 514 3531 Romanos
532 3468 728 3550 Episcopos,
748 3491 813 3530 nou
833 3479 913 3529 stare
932 3468 1069 3540 toettere,
1092 3486 1159 3529 non
1216 3472 1221 3487 '

138 3579 285 3652 praestare
304 3568 475 3650 promissa,
503 3589 565 3631 non
583 3590 712 3641 servare
732 3569 848 3650 pacta?
880 3568 966 3649 Quid
984 3567 1080 3629 saciet
1098 3567 1160 3628 cal·

83 3684 87 3697 “
139 3670 203 3733 tide
234 3669 365 3731 avobis
385 3670 488 3751 (quod
507 3655 650 3734 iuturum
671 3673 730 3747 est)
762 3670 912 3733 delusus?
938 3669 1157 3731 fraudulenter

139 3767 401 3833 circumventus?
439 3769 596 3851 flagitiose
624 3783 656 3833 et
675 3771 786 3853 impie,
816 3772 912 3835 salsus
932 3782 965 3832 ct
982 3769 1159 3852 deceptus?

138 3869 254 3933 Nonne
285 3869 418 3947 sentiet,
450 3882 537 3934 recte
566 3893 626 3935 nos
655 3874 817 3936 monuisse
842 3873 957 3957 gratis,
988 3895 1046 3935 vos
1076 3885 1160 3937 tanta

139 3969 286 4054 mercede
307 3969 414 4033 dolum
439 3970 632 4041 intentasse?
661 3976 724 4039 Sed
755 3975 950 4039 oinselicenr
969 3975 1070 4050 illurn,
1098 3975 1159 4040 nisi

140 4071 243 4152 statim
261 4071 424 4158 inteiligit,
456 4074 565 4138 fucum
585 4075 645 4140 sibi
666 4075 751 4152 ficri,
784 4088 845 4139 tarn
865 4087 972 4157 aperte
992 4075 1158 4158 agentibus

138 4170 248 4265 vobis,
269 4195 328 4263 uec
345 4175 495 4252 ulterius,
524 4179 555 4242 in
572 4177 697 4243 insidias
717 4178 936 4261 progreditur,
956 4176 1050 4240 etiam
1061 4196 1161 4248 mue

168 4386 197 4458 ⁸)
215 4398 314 4445 Habes:
333 4399 378 4445 est
450 4389 497 4462 ⁸¹⁸)
522 4404 664 4447 conamur:
680 4402 804 4447 conantur.
