2618 5108
493 65 788 308 ,Ι
808 295 855 304 --v
945 299 1020 318 ..3-
1185 302 1192 324 Ε

215 808 289 877 222
502 799 702 876 Praedones
748 799 939 915 Dialogus,

613 962 830 1056 Mercator.

290 1093 365 1156 Non
383 1091 479 1156 rideo
497 1093 585 1179 qnid.

609 1250 818 1313 Huttenns.

292 1348 477 1428 Ostendam,
507 1348 625 1435 aliquid
654 1349 758 1411 fecere
788 1328 844 1411 eo's
862 1358 997 1428 tentum,
1025 1372 1062 1414 ec
1084 1354 1160 1429 trie,
1190 1364 1228 1418 ut

217 1451 458 1517 Curtisonorum
476 1452 633 1536 principes
651 1447 713 1512 dici
736 1459 922 1513 merenntnr.
959 1452 1128 1516 Abundent
1142 1457 1229 1519 enim

215 1552 368 1643 pecunie,
397 1548 488 1631 cujus
507 1572 710 1634 permagnum
730 1559 776 1612 est
805 1549 848 1611 ibi
873 1563 1075 1618 momentum.
1112 1556 1228 1639 ltaque

192 1640 196 1649 ’
213 1650 273 1734 ipsi
288 1651 415 1735 qnidenr
432 1649 643 1734 potentissime
659 1661 790 1713 tractent
805 1648 1044 1731 Curtissnicem,
1065 1666 1097 1717 et
1113 1677 1227 1740 qnem-

216 1752 384 1816 edmodum
415 1750 448 1812 in
467 1749 532 1813 eliis
551 1753 652 1814 rotent
675 1748 857 1813 frivolorum
875 1772 980 1817 rernm
999 1755 1225 1835 mercimoniis,

214 1851 261 1915 sic
290 1849 334 1914 ibi
369 1871 500 1936 quoque
530 1847 713 1931 Propolium
744 1850 961 1930 instituerunt,
997 1864 1030 1916 et
1065 1867 1174 1919 emunt
1208 1878 1230 1923 e

217 1949 374 2016 Pontifice
403 1948 550 2026 minoris,
579 1949 668 2034 quod
690 1949 825 2013 vendant
854 1949 980 2033 majoris
1001 1964 1127 2037 postea,
1156 1977 1227 2021 non

214 2051 337 2135 singule
356 2062 475 2115 tnntnm
492 2048 661 2125 beneficia,
687 2050 743 2112 sed
761 2048 875 2114 solides
895 2051 987 2116 etiarn
1007 2054 1132 2138 gratias.
1168 2056 1225 2120 In·

216 2152 450 2235 veniunturqne
480 2150 576 2213 nune
605 2149 688 2229 apud
717 2169 789 2224 eos,
816 2165 848 2215 et
882 2151 1138 2233 Dispensationer
1163 2177 1225 2238 per

217 2272 328 2316 eorum
347 2271 467 2314 mensas
488 2260 573 2312 eunt.
610 2251 721 2333 Neque
739 2249 860 2315 facilins
879 2264 926 2314 eet
942 2255 1057 2318 lucrari
1075 2256 1226 2322 sacerdo·

214 2354 306 2429 tium,
334 2371 427 2434 quam
456 2350 481 2412 st
499 2348 664 2433 Fuggeros
683 2348 799 2413 amicos
819 2350 950 2427 habeas,
980 2355 1068 2438 quod
1095 2371 1128 2421 et
1145 2355 1225 2422 scite

212 2451 287 2533 ipsi,
330 2461 361 2511 et
400 2448 543 2512 celeriter
594 2451 667 2511 dont
702 2470 846 2530 opernm,
883 2452 1008 2536 solique
1044 2464 1117 2518 sunt
1163 2478 1225 2539 per

217 2572 300 2637 qnos
329 2551 432 2613 omnia
460 2549 602 2613 obtinere
628 2549 702 2612 licet
725 2552 845 2617 Rome.
887 2552 924 2615 ln
944 2553 1059 2637 quibus
1079 2554 1137 2620 nisi
1156 2560 1225 2622 hnc

212 2663 295 2717 esset
314 2651 444 2728 fiducia,
474 2670 554 2732 repe
582 2652 676 2714 multo
703 2672 768 2714 non
797 2663 980 2735 peterentur
1008 2654 1111 2718 istinc·
1149 2656 1224 2741 lpse

212 2775 279 2818 non
298 2774 458 2837 nunqnam
477 2750 573 2816 Curio
598 2750 733 2836 negotiis
758 2762 899 2829 vocaret,
931 2754 992 2819 nisi
1011 2767 1117 2820 essent
1133 2756 1226 2843 Fug-

210 2854 300 2941 geri,
321 2854 376 2940 qni
395 2852 571 2928 mittendis,
595 2872 630 2912 ac
649 2854 837 2917 remittendis
856 2855 1017 2920 celerrime
1037 2856 1133 2922 literis
1154 2860 1226 2925 offis

210 2956 293 3018 cium
313 2954 565 3036 interponerent,
588 2953 704 3033 optime
723 2954 755 3015 in
773 2956 834 3017 hoc
854 2973 1008 3021 merentes
1020 2958 1061 3021 dc
1076 2958 1222 3025 Romans

209 3055 364 3130 Ecclesia,
387 3076 456 3136 que
472 3074 631 3136 nunqnam
646 3054 753 3117 melius
769 3053 827 3116 sibi
845 3057 1017 3134 consuluit,
1038 3042 1133 3141 ouem
1149 3080 1223 3125 cum

209 3157 248 3218 ed
268 3176 427 3219 sacrorum
447 3155 689 3231 negotiationem
703 3154 824 3217 admisit
834 3156 985 3236 profanos
996 3159 1066 3222 hos.
1104 3160 1221 3245 Neque

208 3254 345 3319 vicissim
366 3254 441 3334 ipsis
461 3254 528 3317 sine
548 3253 652 3316 i'rnctu
672 3264 719 3315 est
735 3255 805 3317 hoc.
853 3256 1032 3320 Lucrantnr
1050 3280 1132 3340 sepe
1151 3280 1221 3323 non

206 3357 309 3423 minus
341 3355 432 3430 inde,
462 3375 554 3437 qinom
583 3359 728 3434 coempto
758 3355 796 3416 ab
824 3355 908 3418 Indis
941 3357 1062 3440 pipere.
1091 3358 1221 3425 .Vides

208 3456 393 3524 Curtissnos
413 3476 481 3518 cese
501 3454 667 3537 Fuggcros
688 3456 841 3540 qnoque?

595 3618 818 3682 Mercator.

280 3720 404 3795 Audio,
423 3739 488 3780 non
504 3719 596 3781 etiarn
611 3720 712 3781 rideo.
749 3723 827 3782 Item
841 3742 891 3784 me
906 3720 1035 3807 quidem
1053 3744 1220 3812 nunqua

205 3817 257 3885 nsi
274 3831 348 3884 runt
365 3819 507 3882 ministro
532 3821 587 3882 ibi.

603 3967 815 4031 Huttenus.

277 4067 322 4132 At
332 4066 403 4132 eliis
424 4066 474 4128 nsi
492 4076 575 4130 sunt.
612 4068 690 4131 Nam
711 4062 768 4146 ego
790 4070 899 4133 Rome
917 4069 983 4135 vidi
1001 4095 1108 4140 senem
1121 4076 1213 4142 Zinc·

204 4168 307 4235 chium
327 4167 528 4233 solertissime
547 4187 641 4250 egere
660 4170 731 4232 hoc.

595 4332 812 4399 Mercator.

274 4432 396 4521 Egerit·
433 4434 487 4497 Tu
504 4434 639 4497 Romam
659 4435 788 4499 absolve
806 4438 913 4501 modo.
