2618 5108
480 775 761 876 Expostulatio.¹
871 841 894 849 ⁴.
1055 781 1125 858 359

104 971 248 1048 tandem,
278 978 316 1032 ut
332 968 441 1032 vivam
459 980 580 1046 tecum,
610 970 667 1052 qui
684 971 833 1034 virtutem
852 981 885 1032 et
907 969 969 1052 ipsi
989 989 1125 1053 operem

101 1083 178 1148 tur,
205 1071 470 1154 quemadmodum
490 1071 626 1151 majores
645 1070 692 1133 tui
711 1092 778 1133 non
797 1070 908 1133 morati
927 1081 1000 1133 sunt
1019 1070 1126 1151 (puto)

102 1182 357 1234 succrescentem
391 1171 423 1231 in
453 1183 484 1232 te
506 1171 567 1233 sibi
595 1171 750 1252 gloriam?
786 1170 856 1233 Imo
883 1171 962 1254 quid
994 1170 1125 1252 oblique

101 1271 233 1351 respicis
256 1270 289 1332 in
311 1291 383 1345 eos,
408 1272 462 1353 qui
482 1271 554 1334 satis
581 1271 710 1347 habent,
740 1274 858 1334 florere
877 1271 983 1353 sliquo
1004 1281 1124 1350 postte

101 1371 292 1433 intervallo?
312 1371 386 1433 Sine
408 1382 439 1432 et
456 1371 523 1434 aliis
540 1393 628 1434 suant
647 1394 717 1436 esse
740 1375 881 1457 laudem,
902 1392 960 1433 nec
981 1370 1024 1433 ita
1040 1382 1126 1456 tuam

104 1473 213 1533 affecta
236 1473 385 1554 gloriam,
406 1483 441 1533 ut
464 1474 617 1535 aemuleris
640 1474 782 1535 alienam.
828 1475 869 1535 Se
895 1471 951 1533 tibi
970 1473 1125 1554 eloquens

102 1573 145 1634 tia
176 1585 333 1652 comparat
356 1574 415 1633 hac
443 1583 532 1634 aetate
562 1593 672 1649 nemo,
702 1575 780 1656 qnid
807 1571 930 1634 invides
954 1570 1123 1649 Capnioni,

101 1674 245 1735 tributam
263 1673 307 1734 illi
326 1692 525 1754 magnacum
541 1674 733 1736 verecundia
752 1693 824 1747 sua,
845 1673 903 1735 sed
923 1683 1026 1734 tamen
1046 1691 1124 1734 rere

102 1774 141 1836 ab
165 1773 326 1846 omnibus,
354 1773 409 1834 abs
429 1784 459 1834 te
477 1784 581 1835 autem
604 1773 728 1835 minime
752 1794 890 1856 unquam
914 1769 1122 1852 concupitam

102 1873 290 1955 singularem
300 1874 525 1936 Hebraicarnm
541 1873 699 1937 literarum
712 1875 869 1955 peritiam,
881 1883 925 1934 -et
942 1890 1125 1935 mennatum

103 1973 305 2055 quarumdam
327 1972 436 2034 artium
459 1973 566 2053 paucis
596 1974 695 2036 datam
721 1972 962 2056 cognitionem?
978 1973 1124 2034 -Praeser-

103 2075 155 2134 tim
174 2094 213 2134 ex
234 2071 314 2133 illius
336 2072 421 2134 libris
440 2094 510 2135 cum
537 2074 677 2136 nonnihil
699 2074 847 2136 didicisse
870 2072 942 2133 olim
962 2083 993 2133 te
1023 2071 1123 2135 lateas

103 2172 157 2235 ris.
197 2173 319 2233 Verum
342 2183 449 2233 tamen.
463 2177 547 2235 nulla
567 2175 607 2236 sit
622 2177 687 2237 baec
699 2187 812 2261 tecum
834 2171 1068 2253 expostulatio,
1095 2171 1123 2251 si

100 2277 162 2337 hoc
186 2273 247 2334 fuit
274 2273 347 2336 satis
374 2275 531 2352 explendo
557 2275 667 2351 livori,
699 2277 784 2338 nulla
811 2277 851 2336 de
878 2293 970 2344 causa
1004 2273 1121 2336 abste

101 2374 254 2437 imbibito.
293 2373 427 2454 iusuper
448 2376 566 2450 atroci,
599 2388 721 2460 etqua
743 2379 799 2439 vix
824 2376 999 2438 aliudesse
1021 2374 1122 2456 possit

102 2477 307 2550 invidiosius,
339 2475 472 2539 accersis
493 2476 633 2538 crimine.
672 2478 829 2560 Equidem
855 2479 974 2538 horreo
1002 2475 1124 2537 diceres

99 2578 171 2640 sod,
185 2577 351 2638 dicendum
374 2588 476 2638 tamen
497 2588 553 2639 eat.
600 2577 703 2654 Cujus
727 2589 786 2639 tam
806 2597 955 2658 persuasa
975 2575 1121 2639 omnibus

97 2698 222 2758 semper
247 2677 309 2738 luit
336 2675 410 2737 lidei
433 2687 465 2737 et
495 2675 680 2757 integritatis
708 2676 838 2756 opinio,
873 2685 910 2738 ut
935 2695 976 2737 ne
1002 2674 1121 2737 inimici

99 2778 226 2859 quidem
248 2776 414 2837 habuerint
430 2775 474 2836 ibi
493 2797 616 2839 causam
638 2776 841 2850 criminandi,
861 2778 894 2839 in
908 2797 982 2839 eum
997 2788 1031 2837 tu
1046 2795 1121 2854 pera

98 2877 201 2940 fidiam
220 2875 368 2956 congeris
391 2887 423 2936 et
442 2875 672 2956 proditionem,
705 2876 751 2939 sie
770 2876 911 2940 scribens
929 2876 969 2938 ad
983 2877 1119 2939 Rottea·

97 2999 178 3042 sem:
208 2975 356 3051 „Causa,
392 2974 418 3036 si
437 2996 513 3038 vera
527 2988 669 3051 narrant,
693 2979 759 3038 bec
778 2976 851 3039 fuit.
890 2976 973 3039 Cum
992 2975 1118 3053 perlem.

100 3083 188 3153 „lum
210 3088 308 3152 esset,
340 3098 380 3138 ne
401 3077 468 3137 dux
498 3075 800 3159 Wiirtenbergcnsis
825 3076 1043 3158 Stntlgardiam
1067 3097 1119 3140 res

97 3179 259 3257 „ciperet,
286 3178 480 3240 lleuchlinus
500 3176 621 3239 civibus
633 3177 763 3259 *aliquot
782 3188 849 3238 erat
871 3189 980 3250 autor,
1003 3177 1118 3245 utalia

97 3279 348 3357 „demigrarent,
376 3278 444 3358 ipse
470 3297 585 3339 -comes
626 3277 684 3339 illis
722 3277 860 3339 futurus.
898 3277 1119 3358 profugerunt

55 3390 69 3411 ’
99 3379 184 3453 „illi,
207 3377 398 3440 lleuchlinus
418 3391 537 3441 mutato
558 3378 691 3440 consilio
710 3378 836 3452 marrsit,
856 3398 920 3443 susa
939 3379 1116 3458 suppellec-

98 3480 168 3554 „tili
203 3481 379 3541 consulens.
441 3480 566 3542 Deinde
596 3500 710 3542 rursus
742 3477 911 3559 profligato
938 3477 1020 3539 duce
1056 3497 1116 3556 per

96 3583 276 3664 „qarosdam
310 3580 427 3642 amicos
464 3581 677 3660 impetratum,
728 3598 770 3639 ne
811 3576 914 3638 victor
955 3575 1115 3641 exercitus

94 3681 243 3756 „serviret
268 3682 301 3741 in
324 3682 454 3743 domum
474 3679 650 3748 lleuchlini.
688 3679 752 3740 Sed
770 3676 857 3740 cives
876 3676 936 3750 illi,
966 3695 1049 3759 quos
1067 3677 1116 3749 te,

94 3782 256 3856 „lellerat,
295 3780 434 3855 reversi,
473 3780 664 3843 exhibebant
698 3776 767 3839 soni
797 3777 973 3856 negotium.
1023 3777 1117 3839 Nunc

94 3883 224 3956 ,omnia
243 3902 301 3943 sua
331 3880 443 3942 eduxit
467 3884 551 3942 salva
581 3892 613 3943 et
632 3875 816 3960 Ingolstadii
835 3877 1031 3960 tranquillam
1050 3877 1116 3958 agit

95 3983 247 4056 ,vitam.“
296 3981 375 4062 Quis
403 3983 465 4043 boc
484 3967 554 4043 ante
575 3993 607 4044 te
625 3976 773 4046 mentitus
793 3987 842 4039 est
860 3978 1006 4039 Erasmel
1031 3975 1059 4038 si
1078 3988 1117 4040 tu-

93 4094 185 4145 autor
212 4082 325 4144 sabula
354 4102 419 4159 non
447 4082 504 4143 es?
538 4080 600 4143 Cui
627 4081 689 4142 boc
715 4077 818 4138 visum
843 4075 905 4137 fuit
932 4077 1114 4139 somnium?

93 4187 209 4263 Quaeso
230 4194 261 4243 te
281 4204 339 4262 per
357 4180 563 4243 immortalem
584 4180 759 4253 Christum,
788 4178 847 4246 tale
867 4197 902 4237 ac
921 4186 1039 4237 tantum
1057 4179 1116 4243 fla.

91 4283 206 4364 gitium
227 4283 267 4343 de
287 4281 415 4343 homine
436 4280 615 4345 Christiano
637 4299 708 4341 cunt
727 4281 824 4340 velles
843 4277 1024 4356 divulgare,
1046 4297 1112 4337 non

92 4382 300 4446 considerasti
319 4401 449 4448 necesse
475 4381 533 4443 tibi
550 4401 621 4445 esse
638 4379 777 4462 probatae
799 4377 874 4441 fidei
893 4375 1025 4437 testibus
1044 4375 1117 4457 uti?¹

930 4596 937 4655 i
975 4645 978 4650 ,
