2588 5048
525 753 791 854 Expostulatio.
1051 772 1054 778 ’
1092 742 1166 837 5391
1196 828 1199 834 ,

141 952 258 1014 veteris
278 950 461 1033 proverbii:
480 961 585 1016 satius
602 978 667 1015 esse
681 978 864 1029 recurrere,
883 952 1075 1036 quam‘male
1093 974 1166 1019 cura

141 1085 222 1120 rere.
269 1057 350 1117 Nam
380 1054 482 1137 (quod
502 1073 583 1133 saepe
609 1052 830 1115 inculcandum
856 1052 912 1116 tibi
941 1058 1002 1129 est)
1036 1056 1062 1118 si
1082 1054 1167 1121 aliud

138 1158 231 1232 nihil,
259 1168 345 1218 certe
366 1156 399 1217 in
420 1175 575 1217 summum
596 1152 763 1217 discrimen
785 1157 915 1218 adducis
935 1158 1050 1220 samam
1071 1171 1167 1243 atque

139 1259 404 1322 existimationem
424 1268 520 1318 tuam.
560 1257 656 1334 Quod
687 1256 731 1318 illi
751 1257 880 1339 quidem
907 1280 973 1321 non
1005 1258 1164 1344 ignorant,

139 1362 246 1442 quite
266 1360 359 1420 nobis
385 1359 602 1421 abstulerunt:
634 1358 690 1419 sed
723 1357 784 1418 fuit
810 1361 871 1421 hoe
889 1361 1042 1441 improbis
1062 1364 1168 1426 consi·

141 1465 234 1539 lium,
259 1463 386 1525 aliunde
407 1482 568 1523 accersere
590 1460 744 1542 aliquem,
775 1461 866 1540 cujus
895 1460 959 1522 levi
986 1464 1026 1525 ad
1046 1485 1080 1527 se
1101 1451 1166 1542 jae·

139 1577 226 1640 tura,
262 1565 421 1626 communi
452 1584 561 1625 omnes
587 1563 841 1644 defungerentur
861 1563 1015 1643 periculo.
1068 1568 1166 1648 Quod

138 1687 210 1728 cum
236 1666 372 1728 maxime
402 1665 595 1747 cogitarent,
629 1677 694 1726 tum
726 1675 760 1725 tu
792 1686 875 1727 unus
904 1652 948 1726 ad
971 1665 1004 1727 id
1023 1661 1109 1729 uisus
1129 1656 1164 1730 es

129 1771 290 1843 idoneus,
326 1780 420 1852 atque
451 1769 511 1828 hoc
538 1767 597 1829 illis
628 1767 730 1827 statim
758 1779 1029 1845 persuasurum,
1062 1763 1166 1830 solunt

130 1883 208 1931 'esse
237 1882 285 1946 te,
320 1869 376 1951 qui
406 1875 566 1948 ingentem
598 1867 630 1928 in
664 1867 756 1928 nobis
783 1867 1032 1945 ‘trepidationem
1062 1870 1165 1948 po'ssis

131 1972 246 2032 edere.
297 1971 393 2049 Quod
421 1982 457 2031 ut
490 1966 611 2049 possis,
648 1991 717 2051 quur
752 1970 878 2030 tandem
910 1969 1078 2049 prudentia
1105 1983 1164 2046 est,

106 2082 282 2151 ¹'spectare
312 2070 392 2152 quid
415 2072 517 2144 vales,
545 2091 611 2131 non
642 2071 719 2152 quid
739 2080 770 2131 te
790 2069 923 2131 deceat?
958 2071 1009 2132 Tu
1030 2060 1164 2134 illaesis

98 2158 102 2167 ⁸
139 2176 201 2237 lida
222 2173 431 2254 pessimorum
450 2173 611 2234 hominum
633 2171 727 2250 spes?
749 2171 801 2232 Tu
822 2170 898 2234 illud
917 2169 979 2252 jam
999 2182 1071 2233 ante
1092 2173 1165 2235 des·

130 2287 280 2358 'peratum
295 2274 497 2356 praesidium?
520 2275 570 2335 llla
591 2270 781 2334 sustinendis
802 2284 898 2355 atque
913 2272 1056 2335 arcendis
1070 2271 1163 2336 nobis

128 2377 218 2438 arx?
250 2381 290 2439 Et
311 2377 337 2438 si
359 2377 485 2440 Christo
514 2374 732 2456 plaeet‚'illud
758 2373 820 2436 eris
845 2386 878 2435 tu
900 2376 1063 2450 columen,
1096 2374 1163 2458 qud

135 2500 223 2560 spem
244 2501 368 2540 omnem
388 2500 493 2552 suam,
522 2496 725 2558 magnacum
746 2474 860 2537 fiducia
884 2475 1034 2558 delegerit
1052 2476 1166 2560 impii?

129 2584 238 2663 ‘Quam
259 2582 371 2642 vellem
390 2583 470 2643 hanc
497 2578 600 2641 animo
627 2590 684 2639 tuo
712 2576 856 2639 funditus
876 2577 1017 2639 eximere
1037 2583 1165 2643 senten·

135 2682 218 2744 tiam.
258 2684 321 2744 Sed
342 2703 406 2743 nou
428 2681 536 2743 audies
556 2672 622 2750 me,
649 2697 757 2760 neque
777 2677 891 2739 decere
911 2688 942 2739 te
962 2678 1104 2759 putabis,
1127 2690 1164 2739 ut

135 2804 152 2845 a
173 2783 293 2863 juvene
312 2781 477 2844 consilium
498 2780 642 2862 accipias.
686 2780 810 2839 Vellem
831 2777 928 2860 igitur
947 2799 1066 2861 cogere
1086 2803 1163 2863 pos·

135 2906 218 2958 sem,
250 2895 284 2944 ut
303 2884 518 2964 resipisceres.
565 2885 640 2947 Non
671 2880 938 2964 quemadmodum
957 2878 1161 2945 Lutheranos

136 2985 206 3047 illos
228 2985 357 3059 scribis,
379 2985 410 3046 vi
430 2983 537 3046 conari
551 2983 583 3046 in
597 3003 683 3045 suam
698 2993 814 3042 sectam
827 2984 1012 3061 protrahere
1031 2976 1079 3059 te,
1103 2983 1161 3047 sed

134 3088 275 3149 amicitiae
296 3086 420 3159 studio,
447 3096 483 3146 ut
508 3086 560 3147 vel
578 3085 712 3147 invitum
727 3101 758 3143 'a
778 3081 1052 3146 circumstantibus
1072 3083 1161 3148 malis

128 3186 306 3267 eriperem.
365 3184 525 3247 'Libenter
555 3202 623 3248 earn
665 3184 723 3248 tibi
752 3188 791 3248 ad
830 3197 953 3267 tempus
986 3187 1162 3251 molestiam

129 3289 332 3369 objicerem,
365 3301 435 3370 qu'ae
465 3308 581 3369 magno
602 3297 674 3369 post
700 3286 812 3352 solatio
838 3288 945 3350 sutura
966 3292 1058 3351 esset.
1082 3275 1161 3352 'Seu

135 3411 242 3474 neque
263 3392 324 3451 hoe
344 3388 433 3463 licet,
454 3408 561 3471 neque
579 3389 654 3450 illud
670 3401 704 3451 tu
718 3389 882 3472 permittis.
919 3391 961 3450 Et
973 3388 1036 3468 jam
1050 3389 1161 3451 decre·'

131 3505 201 3556 'tum
222 3491 278 3555 tibi
293 3501 357 3568 est,
378 3514 394 3552 a
408 3499 512 3571 coepto
528 3509 594 3551 non
607 3489 770 3554 desistere.
809 3491 924 3572 Neque
940 3490 1056 3552 deinde
1074 3492 1158 3554 sines

133 3594 298 3658 veritatem
319 3590 527 3675 oppugnandi
540 3586 770 3654 ‘verecundiam
790 3591 911 3673 imponi
931 3593 1004 3668 tibi,
1030 3605 1084 3655 aut
1103 3594 1157 3655 da-

131 3696 180 3758 bis
200 3698 280 3759 hane
300 3697 407 3758 saltem
427 3693 638 3757 eonscientiae.
679 3693 826 3756 Manebis
841 3694 873 3756 in
887 3694 1054 3757 autoritate
1073 3704 1160 3761 surnss·

132 3798 177 3861 mi
204 3797 379 3861 Pontificis.
431 3781 595 3860 Defeddes
629 3794 806 3858 Romanam
836 3796 1027 3872 Ecclesiam,
1061 3811 1157 3884 atque

131 3899 214 3961 illam
234 3919 292 3979 per
312 3920 370 3960 nos
389 3886 478 3982 paene
500 3898 681 3960 exhaustam
697 3896 760 3977 jam
776 3907 846 3959 ante
862 3895 991 3960 Curiam
1007 3900 1160 3984 frequen-

127 3995 191 4061 'tari
217 4000 326 4062 facies.
374 3999 560 4062 Vindicabis
586 3999 625 4061 ab
655 3998 783 4061 interitu
810 4000 868 4061 Jus
896 3999 1104 4084 Pontificum,
1125 4014 1158 4065 et

131 4102 201 4163 illos
221 4101 368 4163 restitues
389 4101 517 4162 anobis
537 4110 646 4183 prope
659 4098 818 4182 jugulatos
841 4098 1001 4162 Canones.
1041 4103 1070 4166 0
1090 4102 1156 4166 iae·

129 4189 192 4265 tam
225 4204 258 4264 in
288 4202 426 4265 deterius
454 4202 587 4265 instituti
617 4203 839 4276 mutationem,
872 4222 1016 4283 maguam
1043 4204 1158 4268 admis·
1195 4279 1199 4288 Ι

127 4302 196 4369 sam
226 4305 422 4386 pravitatem.
460 4307 537 4367 Haee
563 4305 690 4367 tandem
720 4314 813 4366 erunt
840 4302 1067 4367 secundissima
1096 4303 1154 4368 illis

127 4407 257 4488 scripta.
303 4403 348 4468 Hi
375 4403 578 4469 blandissime
609 4405 794 4469 arridebunt
821 4400 905 4467 ttbrt.
953 4404 1040 4485 Quid
1059 4405 1154 4469 nobis
