2588 5048
286 773 330 851 lu
355 774 562 885 Lutlierum
585 773 690 848 Bulla
713 775 865 853 Leonia
1041 785 1090 860 27

55 988 125 1030 nen
144 968 383 1048 obtemperasse
401 968 544 1032 omnium
564 969 718 1035 heresum
731 983 763 1036 et
775 971 993 1052 schismatum,
1012 985 1093 1042 testa

56 1067 225 1151 Cypriane
240 1069 289 1145 ι),
316 1068 421 1132 lomes
439 1081 471 1132 et
489 1090 583 1134 causa
602 1094 727 1153 semper
742 1073 812 1138 luit.
851 1077 903 1139 De
916 1077 1094 1140 eorundem

55 1169 168 1254 itaque
179 1170 412 1235 venerabilium
421 1170 556 1235 fratrum
566 1184 711 1237 nostrum
725 1175 859 1238 consilio
871 1189 904 1239 et
915 1195 1045 1240 assemu
1053 1181 1093 1254 tlt

53 1276 94 1334 ab
113 1271 261 1337 omnium
281 1283 314 1336 et
332 1272 533 1355 singulorum
553 1274 778 1356 praedictorum
797 1286 918 1340 matura
937 1277 1094 1341 delibera·

54 1373 148 1436 tione
168 1372 333 1453 predicta,
357 1374 547 1437 authoritate
569 1374 794 1458 omnipotentis
808 1376 872 1451 Dei
883 1381 911 1452 c)
931 1389 964 1441 et
983 1379 1094 1442 beate·

56 1494 130 1538 ram
156 1474 390 1556 Apostolorum
421 1475 513 1538 Petri
540 1485 573 1538 et
598 1475 707 1552 Pauli,
744 1487 777 1539 et
795 1488 921 1553 nostra,
945 1479 1093 1559 prelatos
1172 1515 1176 1524 ·

56 1595 173 1638 omnes
201 1586 236 1637 et
262 1572 406 1657 singulos
435 1574 585 1640 articulos
615 1597 673 1641 seu
701 1599 828 1641 errores
860 1589 1025 1662 tanquam,
1056 1589 1094 1642 ut
1168 1613 1177 1624 -

56 1675 284 1761 praemittitup,
312 1678 493 1758 respective
522 1679 706 1754 haereticos,
734 1691 787 1740 aut
814 1681 1035 1754 scandalosos,
1062 1689 1093 1741 at

56 1791 114 1842 aut
132 1776 248 1854 salsos,
270 1787 321 1842 aut
340 1776 463 1860 piarum
482 1778 607 1842 aurium
625 1779 821 1854 offensivos,
842 1781 893 1843 vel
905 1779 1095 1860 simplicium

57 1880 215 1945 mentium
252 1879 456 1956 seductivos,
492 1889 525 1942 et
556 1879 683 1943 veritati
720 1880 878 1943 catholicae
916 1880 1093 1958 obviantes,

60 1982 264 2056 damnantis,
289 1981 518 2063 reprobamus,
557 1993 653 2062 atque
685 1981 816 2046 omniuo
846 1980 1024 2059 rejicimus,
1056 2001 1095 2044 ae

60 2104 122 2166 pro
139 2081 314 2157 damnatis,
336 2080 534 2163 reprobatis,
554 2093 587 2145 et
604 2081 732 2161 rejectis
752 2082 792 2143 ah
811 2081 959 2145 omnibus
977 2082 1094 2144 utrius·
1161 2130 1167 2141 .

63 2205 125 2268 que
151 2205 251 2248 sexus
272 2181 536 2247 christifidelibus
566 2182 676 2245 haberi
695 2182 829 2259 debere,
866 2184 982 2246 herum
1010 2182 1094 2245 serie

61 2284 265 2348 decemimus
285 2295 319 2349 et
337 2284 531 2346 declaramus
544 2284 586 2359 d).
607 2283 789 2346 Inhibentes
803 2284 836 2346 in
849 2284 968 2347 virtute
981 2295 1094 2346 sancta

62 2384 271 2461 obedientias,
295 2403 332 2446 ac
350 2384 558 2461 submajoris
579 2385 915 2449 excommunicationis
935 2388 1001 2447 latre
1021 2405 1103 2450 sem,

61 2489 165 2553 tentia
179 2487 232 2564 ιη
243 2505 305 2548 nec
324 2504 391 2547 non
410 2506 475 2568 quo
496 2486 537 2547 ad
556 2486 780 2550 ecclesiasticas
794 2498 826 2550 et
839 2491 1001 2570 regulares
1020 2480 1111 2565 per-s

63 2589 211 2665 semesos
237 2586 475 2668 Episcopolium
502 2585 660 2663 omnium,
698 2588 792 2651 etiem
824 2587 1093 2664 Patriarehalium,

63 2689 406 2772 Metropolitanum,
427 2687 662 2752 cathedralium
681 2689 901 2765 eeclesiarum,
927 2689 1096 2751 Menesta-

63 2793 186 2858 riorum
206 2809 342 2880 quoque
361 2800 394 2853 et
412 2789 635 2865 Priorstuum,
663 2789 757 2855 etiam
776 2786 1043 2854 Conventualium
1061 2798 1095 2855 et

97 3083 129 3147 a)
147 3083 222 3159 Quo
240 3082 333 3138 trahis
344 3091 480 3140 sanetum
494 3082 677 3150 martyrem?
690 3079 768 3136 Neu
781 3078 862 3142 dicet
875 3081 1091 3138 testimonium.

95 3175 128 3249 t)
144 3176 198 3236 Ne
228 3175 370 3232 abuterer
398 3181 545 3247 potestate
568 3183 619 3228 tua
637 3173 666 3228 in
692 3172 868 3243 Evangelio.
912 3173 1094 3233 Memineris

132 3270 237 3316 autem
258 3260 347 3330 juxta
374 3258 503 3314 eundem
526 3257 675 3327 Paulum,
704 3259 776 3313 nihil
804 3258 1001 3314 damnationis
1027 3274 1093 3312 esse

132 3346 170 3402 iis
180 3385 191 3415 ,
210 3346 261 3417 qui
278 3354 350 3400 aunt
367 3344 397 3399 in
411 3342 534 3399 Chrlsto
546 3341 625 3419 Jesu
632 3382 643 3411 ,
663 3344 713 3422 qul
731 3361 794 3400 nen
812 3344 967 3403 ambulant
985 3359 1094 3399 scene.

133 3433 207 3488 dum
226 3447 360 3493 carnem.
1025 3452 1028 3458 ·

99 3525 130 3597 s)
147 3525 224 3581 Vide
241 3523 328 3592 Leo,
356 3523 417 3579 Dei
439 3521 627 3599 autoritatem
645 3540 706 3594 quo
732 3523 760 3577 ln
783 3524 863 3579 lecto
883 3538 1009 3591 arroges
1029 3522 1094 3589 tihi,

134 3618 164 3667 et
182 3628 222 3666 rte
243 3608 375 3666 abutaris
392 3614 560 3681 potestate,
577 3625 667 3678 quam
686 3609 791 3664 tribuit
808 3607 862 3663 tibi
881 3609 1045 3675 Dominus,
1064 3608 1093 3662 in

136 3695 386 3762 edificationem,
416 3710 479 3747 neu
507 3692 536 3748 in
566 3690 813 3749 destructionem.
861 3693 952 3748 Corte
970 3695 1020 3765 qui
1039 3710 1094 3764 po.

133 3789 274 3839 testatem
294 3777 420 3835 adsumit
448 3778 506 3834 eibi
530 3777 657 3847 injuste,
687 3779 790 3834 edium
814 3788 959 3833 merctur.
995 3778 1094 3834 Etiam

134 3876 310 3933 memento,
348 3882 410 3919 non
441 3880 505 3918 csso
534 3863 564 3917 in
588 3863 721 3917 hominis
755 3872 902 3934 potestate
932 3863 1095 3918 eonsilium

134 3951 220 4020 Dei,
251 3951 302 4022 qui
329 3949 487 4009 veritatem
515 3946 659 4020 requirit,
688 3957 719 4005 et
744 3948 893 4010 retribuet
909 3947 1096 4007 abundanter

136 4035 320 4097 sicientibus
339 4034 525 4106 superbiam,

100 4130 135 4202 t)
151 4131 238 4190 Nihil
256 4129 377 4196 efficies,

101 4226 133 4296 a)
152 4225 227 4282 Non
242 4238 427 4280 movemur:
456 4222 525 4295 qula
552 4237 617 4280 nea
645 4221 724 4297 sapia
754 4236 821 4296 que
843 4229 915 4283 suut
936 4221 1014 4290 nst,
1041 4219 1096 4281 set

137 4327 206 4384 quas
223 4310 484 4367 martianinum.

103 4405 131 4478 t)
149 4405 247 4484 Regni
264 4405 310 4470 sui
330 4405 468 4485 satrapas
486 4411 653 4474 enumerat.
