2618 5108
351 107 819 306 ’μ’τψθ...
861 268 879 279 ⁹

473 823 579 894 suu
626 822 816 920 uraugia.
1097 835 1158 897 nn

137 1013 239 1088 misit,
277 1036 345 1097 quae
366 1013 434 1076 sedi
456 1013 645 1094 Apostolieae
670 1014 824 1076 re'scrvari
853 987 1012 1096 oportuit,
1043 1028 1074 1080 et
1094 1039 1164 1100 qua

137 1115 264 1195 publiea
283 1114 466 1193 poenitentia
496 1114 585 1176 luere
611 1116 782 1194 preceptio
813 1128 875 1188 ost3
908 1117 965 1198 qui
985 1129 1094 1181 contra
1115 1141 1165 1180 re·

137 1218 227 1298 gulas
248 1214 448 1278 Canceltariae
473 1214 571 1295 gessit
596 1215 742 1295 aliquod,
774 1216 1082 1299 quomodocunque,
1111 1230 1167 1284 aut
1219 1200 1222 1206 ⁵

139 1316 407 1400 qualitercunque
427 1315 495 1378 sire
515 1315 682 1392 spiritualis
694 1315 817 1391 tuerit,
846 1303 1106 1391 rivesaectdaris,
1131 1356 1165 1369 -

137 1418 203 1479 brec
223 1428 272 1478 est
291 1416 360 1490 via,
381 1428 416 1478 ut
436 1413 496 1478 sibi
515 1415 686 1501 reddatur,
719 1413 786 1490 bie,
807 1428 842 1476 ut
871 1429 1077 1478 consenescat
1097 1438 1164 1478 mo-

135 1519 209 1580 dus.
247 1517 441 1599 Quicunque
470 1517 602 1579 novistis
630 1517 719 1599 quod
739 1537 836 1598 grave
856 1518 897 1602 sit
914 1518 1067 1593 reddere,
1101 1538 1163 1600 ego

136 1618 234 1679 vobis
264 1639 370 1679 curam
401 1617 514 1690 demo,
546 1637 611 1677 non
619 1637 691 1699 per
719 1636 769 1678 me
791 1637 852 1700 ego
880 1617 1026 1698 quidem,
1058 1620 1115 1681 sed
1137 1617 1164 1681 si

138 1720 225 1781 hune.
246 1717 484 1801 interfeceritis,
517 1710 589 1778 iore
612 1715 778 1796 promitte,
818 1728 852 1778 ut
872 1717 955 1779 beati
976 1719 1052 1781 sitis.
1092 1719 1165 1779 Hoc

137 1830 243 1881 autem
263 1818 360 1880 faciet
378 1839 471 1881 soror
492 1817 639 1927 quodam
654 1839 739 1893 mea,
765 1816 866 1879 statim
887 1818 1085 1905 subsequens
1106 1843 1166 1884 rue.

552 1951 582 2011 Ι
594 1950 759 2013 ibertas.

215 2049 333 2133 Audin'
355 2051 445 2113 aliam
470 2072 558 2126 esse,
581 2074 649 2134 qnae
670 2062 702 2113 to
720 2061 823 2131 petat,
845 2052 992 2145 Bullarp?
1021 2053 1069 2116 Ea
1088 2055 1165 2115 hane

140 2153 303 2239 promisit,
337 2153 445 2214 turbas
463 2162 682 2236 excepturum
711 2151 837 2235 primas.
886 2152 992 2234 lpsa
984 2175 1017 2215 m
1046 2136 1166 2217 insidiis

138 2265 205 2330 est,
229 2254 319 2328 inde,
340 2252 396 2315 ubi
418 2251 544 2353 occasio
566 2252 645 2328 erit,
662 2252 806 2339 prodibit
827 2264 859 2312 te
880 2265 997 2316 eontra.

551 2384 584 2447 H
594 2394 635 2449 ut
644 2394 771 2456 tenus.

219 2488 334 2568 Neque
354 2505 418 2567 ego
439 2505 603 2547 occurram
623 2482 736 2551 secius.

553 2616 750 2680 Libertas.
818 2609 849 2669 -'

219 2719 326 2783 Macte
348 2719 484 2793 virtute,
504 2717 661 2800 siquidem
680 2715 878 2798 perdurabis.
964 2770 967 2778 .

547 2870 553 2878 ·
593 2850 728 2911 Bnlta.

222 2950 312 3016 urst
332 2952 373 3014 de
391 2949 477 3013 facto
489 2947 577 3029 jara,
612 2943 755 3034 quisquis
773 2951 837 3015 boe
855 2948 948 3026 facit,
980 2951 1086 3014 omitia
1106 2954 1172 3015 hace

142 3069 302 3120 meretur.
334 3054 454 3117 Adeste
474 3053 634 3127 Saxones,
656 3063 751 3134 atque
773 3052 852 3113 hauc
872 3052 953 3114 bene
973 3056 1076 3116 locate
1095 3072 1173 3136 ope·

121 3166 213 3221 'ram
233 3155 343 3228 uobis3
376 3154 401 3216 si
421 3151 562 3226 facietis,
583 3151 702 3230 butyro
722 3152 809 3215 vesci
831 3153 984 3239 dabitur
975 3153 1173 3235 jejuniorum

144 3236 277 3332 diebus,
299 3267 331 3317 et
351 3254 473 3328 avium,
492 3253 533 3330 (si
553 3252 690 3330 videtur)
711 3255 797 3329 ovis,
825 3272 868 3316 ae
881 3252 931 3316 bis
945 3254 1004 3316 ¹die
1023 3255 1176 3318 inebriari

145 3359 310 3424 cerevisia.
354 3356 475 3417 Adeste
500 3354 633 3430 Poloni,
669 3356 751 3416 baud
782 3355 877 3434 longe
900 3374 978 3436 puto
1001 3359 1173 3449 constituti,

144 3475 179 3525 ut
194 3484 246 3524 me
260 3482 332 3521 cnm
348 3456 508 3537 juveritis,
529 3467 684 3537 perpetuo
700 3455 798 3517 furari
815 3456 1023 3525 robis'ttocat.
1054 3457 1173 3519 Audite

143 3587 195 3627 mo
215 3564 348 3626 infames
368 3573 400 3623 ut
421 3558 628 3622 restituamini
646 3556 836 3634 symoniaci,
865 3568 899 3617 nt
921 3555 1104 3639 ingratiam
1125 3578 1175 3618 re·

146 3666 263 3738 dentis,
286 3665 449 3724 funerator
458 3682 512 3737 es,
545 3682 581 3723 rc
601 3661 797 3739 direptores,
813 3658 1107 3742 utrrtaloqunsitis
1128 3659 1175 3722 uti

144 3767 239 3830 vobis
261 3766 347 3828 undo
370 3766 490 3829 scetere
511 3764 610 3837 liceat.
667 3802 670 3807 -
712 3780 740 3819 ·.

480 3912 520 3937 ¹³·
546 3895 774 3957 dlutteuus.
824 3890 875 3935 *⁸*
919 3904 997 3956 w

236 3999 376 4078 'tempus
396 4009 460 4072 est,
483 4007 518 4059 ut
536 3998 686 4078 vqrtdost.

593 4112 725 4203 Buita.

236 4217 362 4281 eamn
382 4217 487 4280 miser.
710 4233 713 4236 ·

546 4333 762 4397 Hubteutrs.

223 4438 277 4497 Tu
299 4435 430 4518 quidem
449 4437 618 4514 vqrutasrt3
639 4443 734 4515 atque
753 4451 795 4492 en
814 4429 883 4529 tibi.
