2618 5108
210 832 282 903 208
500 825 702 916 Praedones
730 825 935 930 ‘Dialogus

209 1025 337 1098 oportet
360 1017 449 1104 loqui
476 1017 583 1102 prius,
611 1017 668 1103 qui
693 1019 754 1084 sub
780 1023 878 1104 gloria
898 1019 1044 1103 egestatis
1061 1023 1227 1101 pecunlatn

207 1120 394 1205 acquirunt,
412 1116 504 1199 'juxta
525 1119 692 1183 Comicum
712 1121 806 1199 illud,
840 1121 967 1194 ,omitia
982 1122 1149 1197 habentes,
1169 1140 1228 1185 ne·-

148 1285 154 1289 ,
207 1243 272 1306 quc
286 1220 453 1305 quicquam
471 1221 632 1284 habentes:
656 1221 771 1305 quibus
790 1221 864 1286 nihil
883 1243 954 1285 cum
973 1233 1035 1297 est,
1055 1221 1131 1285 nihil
1150 1221 1229 1284 defit

205 1328 335 1385 tamen.“
374 1324 526 1403 Quaerunt
545 1332 648 1383 autem
669 1330 762 1384 avare
783 1325 882 1400 adeo,
902 1334 937 1385 ut
956 1343 1073 1405 pecora
1092 1342 1225 1407 quoque

205 1422 373 1487 docuerint
391 1421 570 1485 mendicare
590 1443 698 1486 secum
717 1422 790 1503 jam.

607 1554 824 1617 Mercator.

281 1653 327 1716 lta
351 1653 471 1718 iaciunt
495 1675 554 1737 per
580 1656 692 1732 iidem,
722 1654 776 1716 ita.
823 1655 902 1716 Nam
927 1651 1018 1734 porci
1042 1650 1225 1736 saginantur

206 1753 395 1820 Antonianis
413 1752 488 1832 illis,
513 1754 590 1818 dum
603 1755 713 1819 cibum
732 1765 842 1835 petunt
859 1755 1022 1832 dornatim,
1051 1753 1084 1816 in
1103 1755 1166 1817 hoc
1183 1755 1225 1817 ab

202 1854 262 1919 illis
283 1853 460 1919 assuefacti.

607 1979 822 2042 Huttenus.

278 2077 376 2157 Quod
405 2077 489 2142 idem
516 2078 633 2142 scirent
660 2097 812 2141 verveces
840 2073 971 2156 Spiritui
997 2086 1105 2139 sancto
1128 2076 1221 2154 sacri,

201 2174 264 2240 nisi
285 2178 422 2241 tardiore
441 2179 599 2259 paulisper
621 2176 751 2262 ingenio
774 2188 890 2241 essent.
928 2180 1126 2261 Quamquam
1144 2198 1221 2260 pro-

199 2277 311 2341 ttciunr
327 2275 391 2360 jaun
412 2275 447 2340 in
463 2277 513 2340 illa
531 2279 647 2340 schola.

599 2415 821 2482 Mercator.

277 2511 374 2578 Certe
394 2514 560 2579 docentur.

604 2656 818 2722 Huttenus.

270 2754 507 2818 Monaehorum
525 2776 604 2819 vero
624 2763 683 2818 cur
700 2769 748 2820 tot
777 2769 850 2820 sunt
870 2756 998 2821 ordines
1019 2775 1124 2831 nunc,
1156 2754 1218 2818 nisi

196 2854 272 2941 quia
309 2855 493 2936 simpliciter
518 2857 715 2933 mendicare,
752 2868 847 2941 atque
886 2871 984 2941 unum
1016 2857 1049 2918 in
1076 2855 1217 2932 modum,
1250 2872 1257 2888 ·

136 2979 139 2985 ·
196 2976 261 3019 non
284 2958 442 3019 lucrosum
462 2957 534 3018 satis
557 2956 662 3020 visum
679 2955 738 3021 illis
757 2958 826 3022 est?
851 2957 951 3020 Varie
969 2957 1072 3035 enim,
1093 2959 1218 3020 etmul-

194 3055 364 3121 tilormiter
383 3056 509 3140 placuit.

570 3194 789 3259 Franciscu
801 3217 827 3259 s.

269 3296 318 3361 Ar·
332 3294 495 3379 quomodo
516 3295 630 3358 adduci
649 3307 822 3378 potuerunt
841 3294 991 3358 Germani
1012 3293 1217 3377 primumn

192 3398 226 3463 in
248 3397 340 3461 ludos
367 3397 425 3458 hos
444 3396 672 3470 consentirent,
701 3407 733 3457 et
751 3396 1013 3459 consuetudinem
1032 3409 1215 3479 paterentur

192 3499 279 3585 apud
298 3519 334 3562 se
353 3493 472 3560 innasci
491 3497 585 3577 longe
600 3492 799 3576 pessimam?

592 3649 776 3710 Huttenu
784 3671 810 3711 s.

269 3753 353 3833 Quia
372 3770 497 3831 semper
527 3747 649 3811 laeilius
675 3747 785 3810 animis
813 3748 975 3811 hominum
994 3749 1115 3815 inhaesit
1133 3771 1215 3816 vaus

89 3888 94 3895 .
191 3851 395 3935 merendo,
426 3871 520 3934 quam
539 3868 686 3930 persuasa
705 3849 766 3910 suit
792 3870 868 3911 vera
887 3849 1020 3932 religio,
1047 3863 1081 3913 et
1099 3852 1214 3936 qariaa

191 3952 325 4019 minimis
351 3949 446 4014 initiis
473 3964 637 4031 coeperunt
662 3948 722 4012 ista
745 3949 898 4028 primum,
929 3951 1045 4014 deinde
1064 3952 1215 4033 paulatin

191 4051 404 4127 incesserunt,
436 4071 472 4113 ac
499 4069 534 4111 se
564 4050 764 4132 protulerunt
782 4050 864 4110 lente
891 4049 1076 4127 admodum,
1108 4051 1215 4115 donec

191 4154 231 4218 ad
249 4173 383 4236 regnum
413 4151 538 4214 tandem
557 4148 703 4231 pervenit
726 4169 848 4212 sacrum
867 4150 1131 4215 mendicabulum.
1168 4155 1215 4217 At

189 4252 254 4337 jam
274 4252 488 4319 emanantibus
521 4253 553 4313 in
582 4251 698 4332 vulgus
729 4248 872 4330 pessimis
900 4251 964 4313 suis
985 4251 1123 4328 artibus,
1143 4272 1213 4317 non

190 4353 319 4429 dubito,
344 4351 423 4437 quin
441 4350 564 4416 ruitura
582 4347 622 4412 sit
639 4349 922 4432 perditissimorum
943 4351 1128 4431 praedonum
1146 4353 1216 4418 lac·

192 4454 250 4518 tio.
301 4454 394 4538 Nego
424 4452 526 4531 enim,
559 4447 638 4513 alios
668 4468 739 4513 esse
775 4450 950 4514 Germanis
980 4453 1211 4536 damnosiores,
