2618 5108
155 799 236 880 422
482 895 485 902 .
508 800 667 901 Spongia
690 799 834 877 Eraemi

165 991 273 1055 odium
292 991 445 1069 omnium,
476 992 567 1076 quoii
588 991 776 1056 meminerim
799 1002 935 1075 quantor
954 988 1186 1072 epistolarum?

163 1095 207 1157 At
227 1115 280 1156 ear
307 1092 370 1175 jam
389 1095 575 1176 emtgaram
593 1094 664 1174 ipsi.
702 1093 767 1156 Sed
786 1096 895 1175 fingat,
925 1114 975 1155 me
999 1097 1068 1173 plue
1088 1098 1187 1172 quoin

150 1191 269 1256 ‘hostili
293 1193 398 1258 animo
431 1194 529 1257 iniere
556 1195 589 1256 in
608 1193 910 1269 Hochrtratum,.·et
937 1195 1051 1273 fingat,
1071 1202 1185 1271 postea

162 1309 235 1356 cum
262 1292 315 1356 ilio
338 1295 458 1358 redisce
485 1293 519 1356 in
546 1294 697 1378 gratiam,
728 1292 891 1376 quidhoc
919 1293 958 1353 nii
978 1290 1184 1355 ssuttenunu?

162 1395 213 1455 An
243 1413 307 1475 ego
338 1397 398 1457 tate
424 1394 530 1457 fertus
561 1415 633 1456 cum
658 1396 803 1456 Hutteno
822 1414 962 1475 unquam
988 1391 1060 1463 inii,
1088 1393 1183 1472 quoio

144 1494 265 1556 'soient
292 1495 418 1574 Regee,
449 1514 491 1559 ne
517 1514 602 1556 cum·
619 1513 780 1576 qnoquurn
809 1495 976 1572 jungerem
1004 1490 1181 1566 amicitiam,
1233 1520 1238 1525 ·

146 1592 219 1674 ¹qui
249 1594 323 1655 cum
353 1593 421 1676 ipse
449 1594 581 1658 haberet
606 1594 746 1656 beilum?
777 1594 931 1656 Liberum
961 1604 1008 1654 est
1035 1594 1180 1654 Hutteno

161 1712 284 1767 amare,
315 1713 397 1776 quos
416 1713 479 1776 ego
499 1714 564 1755 non
583 1714 671 1768 amo,
692 1705 723 1754 et
742 1695 863 1769 odiose,
885 1713 967 1776 quoa
987 1714 1049 1770 ego
1069 1692 1181 1773 dilige.

158 1792 250 1856 Idem
268 1794 320 1875 jue
337 1816 463 1878 equum
482 1806 529 1858 est
555 1807 587 1856 et
612 1794 687 1856 mibi
706 1794 850 1856 concedi.
888 1794 1101 1857 Christianum
1122 1802 1180 1870 est,

143 1907 232 1955 'oum
251 1897 337 1957 nullo
357 1894 534 1958 mortalium
565 1896 681 1958 habere
700 1894 902 1966 simultatem
929 1895 1098 1956 burrianum
1120 1902 1179 1967 ert,

159 2014 228 2057 eam
253 1993 431 2069 siincidat,
457 1993 591 2057 civiliter
610 2015 778 2068 exercere3
809 2007 842 2056 et
861 2015 933 2055 cum
952 1992 1087 2074 primum
1107 1992 1181 2058 lieet

157 2094 333 2175 deponere.
382 2096 423 2155 Et
448 2105 552 2157 tamen
570 2114 630 2156 nec
649 2116 782 2179 usquam
809 2106 951 2156 ascentor
975 2095 1180 2171 Hoclistrato,

157 2214 219 2256 nec
238 2193 402 2257 amicitiam
422 2214 494 2258 cum
517 2194 571 2255 itio
590 2195 682 2272 sarsi,
714 2215 773 2257 nec
792 2195 968 2255 Huttenum
996 2196 1178 2273 uliopacto

157 2293 289 2374 gravam
309 2305 363 2355 aut
380 2292 455 2354 laesi,
493 2294 600 2377 Atque
619 2293 686 2370 hic,
716 2294 744 2356 si
764 2294 866 2356 Mnus
888 2296 1002 2374 placet,
1022 2293 1179 2369 judicarit

143 2393 388 2474 ⁸tempestivum,
404 2403 535 2454 tractare
549 2380 653 2455 iocum
666 2415 864 2456 communem
877 2395 917 2456 de
927 2394 1178 2457 nonsimuiendo

143 2495 191 2559 ‘in
201 2493 352 2566 amicitia,
373 2491 463 2575 quasi
474 2491 759 2570 violaturamicitia,
772 2495 799 2558 si
812 2498 1032 2557 Hochstratum
1044 2493 1177 2577 oblique

54 2664 56 2666 ,
91 2674 94 2680 ¹
154 2590 298 2658 tractem.
337 2592 710 2674 Curnoneademopera
726 2596 927 2676 reprehendit
943 2605 974 2655 et
984 2609 1176 2680 Zopyrum,

155 2695 246 2780 quod
264 2714 330 2755 non
350 2692 530 2774 simpliciter
547 2713 582 2756 se
601 2694 736 2777 gesserit
756 2698 840 2778 opud
858 2697 1073 2776 Babylonios?
1103 2702 1178 2765 Jam
1235 2690 1240 2703 ’

154 2816 234 2859 vero
261 2793 381 2856 crimen
405 2791 543 2867 crimini,
580 2796 667 2857 velut
690 2797 788 2861 linum
826 2796 890 2858 lino
917 2801 1088 2862 connectit.
1135 2802 1176 2864 ln

138 2895 287 2976 ‘epistola
313 2897 352 2957 ad
371 2906 552 2959 Lucrinum
571 2916 673 2976 nuper
691 2897 775 2959 edita
804 2919 917 2975 narro,
939 2920 996 2978 per
1018 2902 1176 2982 quosdam

153 3015 313 3064 rumorem
332 2994 431 3059 fuisse
449 3016 610 3077 sparsum,
630 2997 853 3060 Hochstratum
872 2997 906 3059 in
926 2999 1094 3063 Brabantia
1114 3024 1174 3064 ex·

152 3095 255 3159 urisse
269 3094 367 3157 libros
384 3114 485 3156 meos.
516 3095 553 3158 ld
567 3094 769 3175 interpretor,
781 3098 897 3161 sactum
908 3099 946 3159 ab
959 3099 1024 3176 his,
1045 3102 1101 3183 qui
1114 3104 1174 3165 hec

149 3197 263 3257 techna
280 3205 471 3257 conaremur
489 3215 540 3257 me
559 3215 753 3274 provocare,
774 3208 810 3259 ut
830 3201 930 3279 palam
950 3200 1118 3264 inveheret
1138 3203 1173 3266 in

149 3298 382 3362 Hochstratum.
429 3296 493 3372 Ac,
512 3316 554 3358 ne
572 3295 679 3358 laedam
694 3317 803 3359 omnes
823 3298 878 3382 qui
892 3299 1000 3361 favent
1013 3303 1171 3377 Luthero,

150 3399 252 3462 addo:
273 3415 323 3459 me
342 3398 474 3471 nescire,
495 3416 561 3479 quo
581 3396 709 3458 nomine
728 3397 859 3461 debeam
879 3421 936 3462 eos
957 3405 1171 3481 appeliare;.a

147 3495 307 3563 nonnuliis
324 3497 433 3559 vocari
444 3496 655 3559 Lutheranoa.
693 3498 771 3563 Sunt
784 3500 867 3562 enim
886 3503 942 3585 qui
962 3504 1024 3564 hoc
1038 3507 1170 3567 nomine

148 3596 426 3669 commendantur,
450 3615 523 3656 cum
542 3596 618 3658 nihil
636 3597 737 3659 minua
756 3598 834 3674 sint,
866 3622 960 3683 quam
979 3604 1168 3682 Lutherani,

147 3697 288 3772 fectioni,
304 3693 441 3770 indocti,
461 3695 596 3776 stupidi,
615 3699 700 3758 malae
711 3698 800 3775 vitae,
823 3702 1068 3779 obtrectatores,
1088 3705 1169 3770 nihil

145 3798 296 3860 habentes
310 3789 462 3871 Lutheri,
481 3795 541 3859 nisi
554 3797 838 3878 quodmaledicunt
850 3802 996 3865 Pontifici
1007 3806 1168 3871 Romano,

144 3900 219 3960 Hoc
245 3907 346 3958 totum
370 3896 532 3958 Huttenus
556 3899 624 3958 vult
647 3918 733 3959 ame
759 3903 928 3964 confictum
959 3925 1045 3979 ease,
1074 3907 1166 3970 utin

107 4078 112 4089 Ι
142 3998 343 4062 Lutheranos
362 4016 504 4078 pugnum
524 3994 709 4059 iracundum
728 3999 925 4083 stringerem.
962 4004 1063 4085 Atqui
1084 4006 1166 4088 quid

144 4095 228 4159 dicet
257 4092 434 4172 Huttenui,
468 4095 495 4158 ai
522 4096 573 4158 hic
602 4098 762 4178 proferam
791 4112 916 4164 centum
952 4113 1068 4178 testes,
1103 4106 1162 4189 qui

141 4195 293 4270 doceant,
313 4217 385 4259 eum
407 4216 568 4258 rumorem
587 4199 734 4258 huonon
753 4201 1000 4264 semelallatum:
1022 4204 1111 4287 quid,
1131 4207 1161 4271 ai

140 4296 301 4378 proferam
331 4293 479 4376 epistolas
506 4294 696 4372 amicorum,
733 4297 788 4378 qui
816 4301 876 4361 hoc
910 4303 950 4363 ad
979 4324 1029 4366 me
1058 4317 1091 4368 et
1116 4310 1159 4374 ad

132 4394 218 4460 alios
238 4395 319 4458 item·
331 4392 609 4476 perscripserunt?
635 4395 824 4461 Perfricabit
848 4397 1005 4481 frontem,
1030 4405 1159 4490 siquid
1214 4469 1216 4473 ,
