<?xml version="1.0" encoding="UTF-8"?>
<!DOCTYPE html PUBLIC "-//W3C//DTD XHTML 1.0 Transitional//EN"
    "http://www.w3.org/TR/xhtml1/DTD/xhtml1-transitional.dtd">
<html xmlns="http://www.w3.org/1999/xhtml" xml:lang="en" lang="en">
 <head>
  <title>
</title>
<meta http-equiv="Content-Type" content="text/html;charset=utf-8" />
  <meta name='ocr-system' content='tesseract 3.04.00' />
  <meta name='ocr-capabilities' content='ocr_page ocr_carea ocr_par ocr_line ocrx_word'/>
</head>
<body>
  <div class='ocr_page' id='page_1' title='image "./ulrichiabhutten00mngoog_0528.png"; bbox 0 0 2618 5108; ppageno 0'>
   <div class='ocr_carea' id='block_1_1' title="bbox 196 819 976 928">
    <p class='ocr_par' dir='ltr' id='par_1_1' title="bbox 196 819 976 928">
     <span class='ocr_line' id='line_1_1' title="bbox 196 819 976 928; baseline -0.001 -23"><span class='ocrx_word' id='word_1_1' title='bbox 196 830 282 906; x_wconf 73' lang='lat' dir='ltr'><strong>sto·</strong></span> <span class='ocrx_word' id='word_1_2' title='bbox 450 819 528 907; x_wconf 71' lang='lat' dir='ltr'><strong>ola</strong></span> <span class='ocrx_word' id='word_1_3' title='bbox 552 827 750 907; x_wconf 67' lang='lat' dir='ltr'><strong>amerus</strong></span> <span class='ocrx_word' id='word_1_4' title='bbox 771 826 976 928; x_wconf 57' lang='lat' dir='ltr'><strong>amensa</strong></span> 
     </span>
    </p>
   </div>
   <div class='ocr_carea' id='block_1_2' title="bbox 189 1019 1292 4024">
    <p class='ocr_par' dir='ltr' id='par_1_2' title="bbox 193 1019 1222 1812">
     <span class='ocr_line' id='line_1_2' title="bbox 198 1019 1221 1105; baseline 0.001 -20"><span class='ocrx_word' id='word_1_5' title='bbox 198 1019 294 1086; x_wconf 64' lang='lat' dir='ltr'><strong>&#39;vana</strong></span> <span class='ocrx_word' id='word_1_6' title='bbox 339 1022 438 1103; x_wconf 83' lang='lat' dir='ltr'><strong>Quod</strong></span> <span class='ocrx_word' id='word_1_7' title='bbox 471 1023 590 1087; x_wconf 84' lang='lat' dir='ltr'><strong>sinon</strong></span> <span class='ocrx_word' id='word_1_8' title='bbox 615 1021 734 1104; x_wconf 80' lang='lat' dir='ltr'><strong>placet,</strong></span> <span class='ocrx_word' id='word_1_9' title='bbox 761 1021 858 1105; x_wconf 81' lang='lat' dir='ltr'><strong>prodi·</strong></span> <span class='ocrx_word' id='word_1_10' title='bbox 883 1024 1008 1088; x_wconf 76' lang='lat' dir='ltr'><strong>tendam</strong></span> <span class='ocrx_word' id='word_1_11' title='bbox 1039 1032 1075 1087; x_wconf 87' lang='lat' dir='ltr'><strong>lu</strong></span> <span class='ocrx_word' id='word_1_12' title='bbox 1102 1033 1134 1086; x_wconf 90' lang='lat' dir='ltr'><strong>at</strong></span> <span class='ocrx_word' id='word_1_13' title='bbox 1160 1023 1221 1087; x_wconf 89' lang='lat' dir='ltr'><strong>im·</strong></span> 
     </span>
     <span class='ocr_line' id='line_1_3' title="bbox 196 1122 1222 1209; baseline 0.001 -24"><span class='ocrx_word' id='word_1_14' title='bbox 196 1143 325 1208; x_wconf 72' lang='lat' dir='ltr'><strong>pugna,</strong></span> <span class='ocrx_word' id='word_1_15' title='bbox 344 1144 415 1209; x_wconf 78' lang='lat' dir='ltr'><strong>quaa</strong></span> <span class='ocrx_word' id='word_1_16' title='bbox 433 1123 568 1207; x_wconf 77' lang='lat' dir='ltr'><strong>scripsit.</strong></span> <span class='ocrx_word' id='word_1_17' title='bbox 591 1124 673 1187; x_wconf 86' lang='lat' dir='ltr'><strong>Nam</strong></span> <span class='ocrx_word' id='word_1_18' title='bbox 689 1124 753 1188; x_wconf 88' lang='lat' dir='ltr'><strong>boc</strong></span> <span class='ocrx_word' id='word_1_19' title='bbox 771 1122 955 1204; x_wconf 83' lang='lat' dir='ltr'><strong>jamdudum</strong></span> <span class='ocrx_word' id='word_1_20' title='bbox 973 1125 1133 1207; x_wconf 83' lang='lat' dir='ltr'><strong>suspensis</strong></span> <span class='ocrx_word' id='word_1_21' title='bbox 1152 1122 1222 1186; x_wconf 67' lang='lat' dir='ltr'><strong>anri·</strong></span> 
     </span>
     <span class='ocr_line' id='line_1_4' title="bbox 199 1223 1222 1308; baseline -0.002 -18"><span class='ocrx_word' id='word_1_22' title='bbox 199 1223 260 1291; x_wconf 77' lang='lat' dir='ltr'><strong>nis</strong></span> <span class='ocrx_word' id='word_1_23' title='bbox 279 1223 527 1307; x_wconf 70' lang='lat' dir='ltr'><strong>expectavimus.</strong></span> <span class='ocrx_word' id='word_1_24' title='bbox 575 1224 691 1308; x_wconf 78' lang='lat' dir='ltr'><strong>Neque</strong></span> <span class='ocrx_word' id='word_1_25' title='bbox 710 1225 753 1287; x_wconf 90' lang='lat' dir='ltr'><strong>ob</strong></span> <span class='ocrx_word' id='word_1_26' title='bbox 772 1223 863 1288; x_wconf 81' lang='lat' dir='ltr'><strong>aliam</strong></span> <span class='ocrx_word' id='word_1_27' title='bbox 880 1245 947 1289; x_wconf 83' lang='lat' dir='ltr'><strong>rem</strong></span> <span class='ocrx_word' id='word_1_28' title='bbox 967 1225 1119 1308; x_wconf 83' lang='lat' dir='ltr'><strong>quosdam</strong></span> <span class='ocrx_word' id='word_1_29' title='bbox 1138 1225 1222 1288; x_wconf 76' lang='lat' dir='ltr'><strong>uste</strong></span> 
     </span>
     <span class='ocr_line' id='line_1_5' title="bbox 198 1323 1220 1410; baseline -0.002 -22"><span class='ocrx_word' id='word_1_30' title='bbox 198 1323 312 1388; x_wconf 82' lang='lat' dir='ltr'><strong>¹babuit</strong></span> <span class='ocrx_word' id='word_1_31' title='bbox 329 1323 500 1389; x_wconf 86' lang='lat' dir='ltr'><strong>Huttenica</strong></span> <span class='ocrx_word' id='word_1_32' title='bbox 518 1323 759 1406; x_wconf 79' lang='lat' dir='ltr'><strong>Exposmlatio,</strong></span> <span class='ocrx_word' id='word_1_33' title='bbox 792 1344 887 1409; x_wconf 85' lang='lat' dir='ltr'><strong>quarn</strong></span> <span class='ocrx_word' id='word_1_34' title='bbox 914 1327 1003 1410; x_wconf 82' lang='lat' dir='ltr'><strong>quod</strong></span> <span class='ocrx_word' id='word_1_35' title='bbox 1025 1323 1220 1400; x_wconf 72' lang='lat' dir='ltr'><strong>maluissent,</strong></span> 
     </span>
     <span class='ocr_line' id='line_1_6' title="bbox 199 1419 1222 1509; baseline -0.002 -19"><span class='ocrx_word' id='word_1_36' title='bbox 199 1436 234 1490; x_wconf 84' lang='lat' dir='ltr'><strong>te</strong></span> <span class='ocrx_word' id='word_1_37' title='bbox 261 1436 317 1490; x_wconf 83' lang='lat' dir='ltr'><strong>tua</strong></span> <span class='ocrx_word' id='word_1_38' title='bbox 347 1435 462 1508; x_wconf 78' lang='lat' dir='ltr'><strong>sponte</strong></span> <span class='ocrx_word' id='word_1_39' title='bbox 480 1427 657 1509; x_wconf 78' lang='lat' dir='ltr'><strong>procedere</strong></span> <span class='ocrx_word' id='word_1_40' title='bbox 684 1427 719 1489; x_wconf 89' lang='lat' dir='ltr'><strong>in</strong></span> <span class='ocrx_word' id='word_1_41' title='bbox 737 1446 873 1491; x_wconf 79' lang='lat' dir='ltr'><strong>arenam</strong></span> <span class='ocrx_word' id='word_1_42' title='bbox 910 1426 1004 1488; x_wconf 86' lang='lat' dir='ltr'><strong>Nunc</strong></span> <span class='ocrx_word' id='word_1_43' title='bbox 1019 1434 1122 1488; x_wconf 87' lang='lat' dir='ltr'><strong>autem</strong></span> <span class='ocrx_word' id='word_1_44' title='bbox 1145 1419 1222 1488; x_wconf 84' lang='lat' dir='ltr'><strong>cum</strong></span> 
     </span>
     <span class='ocr_line' id='line_1_7' title="bbox 199 1525 1221 1610; baseline -0.003 -20"><span class='ocrx_word' id='word_1_45' title='bbox 199 1536 365 1610; x_wconf 83' lang='lat' dir='ltr'><strong>utcunque</strong></span> <span class='ocrx_word' id='word_1_46' title='bbox 393 1527 537 1590; x_wconf 81' lang='lat' dir='ltr'><strong>revelatas</strong></span> <span class='ocrx_word' id='word_1_47' title='bbox 567 1535 640 1588; x_wconf 75' lang='lat' dir='ltr'><strong>sum</strong></span> <span class='ocrx_word' id='word_1_48' title='bbox 669 1547 711 1590; x_wconf 86' lang='lat' dir='ltr'><strong>ex</strong></span> <span class='ocrx_word' id='word_1_49' title='bbox 739 1527 889 1590; x_wconf 83' lang='lat' dir='ltr'><strong>cordibus</strong></span> <span class='ocrx_word' id='word_1_50' title='bbox 913 1525 1073 1589; x_wconf 90' lang='lat' dir='ltr'><strong>bominum</strong></span> <span class='ocrx_word' id='word_1_51' title='bbox 1098 1525 1221 1609; x_wconf 84' lang='lat' dir='ltr'><strong>eogita-</strong></span> 
     </span>
     <span class='ocr_line' id='line_1_8' title="bbox 193 1625 1218 1710; baseline -0.001 -20"><span class='ocrx_word' id='word_1_52' title='bbox 193 1626 326 1702; x_wconf 80' lang='lat' dir='ltr'><strong>-aiouas,</strong></span> <span class='ocrx_word' id='word_1_53' title='bbox 355 1636 388 1689; x_wconf 87' lang='lat' dir='ltr'><strong>et</strong></span> <span class='ocrx_word' id='word_1_54' title='bbox 405 1625 506 1689; x_wconf 80' lang='lat' dir='ltr'><strong>inciso</strong></span> <span class='ocrx_word' id='word_1_55' title='bbox 530 1628 638 1690; x_wconf 81' lang='lat' dir='ltr'><strong>ulcera</strong></span> <span class='ocrx_word' id='word_1_56' title='bbox 661 1627 757 1708; x_wconf 85' lang='lat' dir='ltr'><strong>coepit</strong></span> <span class='ocrx_word' id='word_1_57' title='bbox 774 1627 904 1689; x_wconf 79' lang='lat' dir='ltr'><strong>effluere</strong></span> <span class='ocrx_word' id='word_1_58' title='bbox 923 1647 1001 1708; x_wconf 87' lang='lat' dir='ltr'><strong>pus,</strong></span> <span class='ocrx_word' id='word_1_59' title='bbox 1032 1646 1092 1710; x_wconf 83' lang='lat' dir='ltr'><strong>age</strong></span> <span class='ocrx_word' id='word_1_60' title='bbox 1109 1625 1218 1705; x_wconf 86' lang='lat' dir='ltr'><strong>prodi,</strong></span> 
     </span>
     <span class='ocr_line' id='line_1_9' title="bbox 203 1726 914 1812; baseline -0.001 -21"><span class='ocrx_word' id='word_1_61' title='bbox 203 1744 342 1808; x_wconf 76' lang='lat' dir='ltr'><strong>emunge</strong></span> <span class='ocrx_word' id='word_1_62' title='bbox 361 1726 455 1791; x_wconf 85' lang='lat' dir='ltr'><strong>eliam</strong></span> <span class='ocrx_word' id='word_1_63' title='bbox 473 1727 563 1812; x_wconf 78' lang='lat' dir='ltr'><strong>quod</strong></span> <span class='ocrx_word' id='word_1_64' title='bbox 581 1726 696 1810; x_wconf 80' lang='lat' dir='ltr'><strong>reliqui</strong></span> <span class='ocrx_word' id='word_1_65' title='bbox 715 1737 764 1790; x_wconf 87' lang='lat' dir='ltr'><strong>est</strong></span> <span class='ocrx_word' id='word_1_66' title='bbox 781 1727 914 1790; x_wconf 86' lang='lat' dir='ltr'><strong>veneuil</strong></span> 
     </span>
    </p>

    <p class='ocr_par' dir='ltr' id='par_1_3' title="bbox 198 1825 1219 1996">
     <span class='ocr_line' id='line_1_10' title="bbox 198 1825 1219 1920; baseline -0.002 -30"><span class='ocrx_word' id='word_1_67' title='bbox 198 1914 201 1920; x_wconf 20' lang='grc' dir='ltr'>Ι</span> <span class='ocrx_word' id='word_1_68' title='bbox 275 1831 472 1893; x_wconf 79' lang='lat' dir='ltr'><strong>Erasmus.</strong></span> <span class='ocrx_word' id='word_1_69' title='bbox 511 1827 700 1895; x_wconf 68' lang='lat' dir='ltr'><strong>Perfricabit</strong></span> <span class='ocrx_word' id='word_1_70' title='bbox 730 1827 886 1904; x_wconf 81' lang='lat' dir='ltr'><strong>frontem,</strong></span> <span class='ocrx_word' id='word_1_71' title='bbox 916 1826 1021 1912; x_wconf 88' lang='lat' dir='ltr'><strong>siquid</strong></span> <span class='ocrx_word' id='word_1_72' title='bbox 1050 1837 1154 1890; x_wconf 86' lang='lat' dir='ltr'><strong>tamen</strong></span> <span class='ocrx_word' id='word_1_73' title='bbox 1171 1825 1219 1889; x_wconf 91' lang='lat' dir='ltr'><strong>illi</strong></span> 
     </span>
     <span class='ocr_line' id='line_1_11' title="bbox 198 1929 925 1996; baseline -0.004 0"><span class='ocrx_word' id='word_1_74' title='bbox 198 1929 315 1996; x_wconf 68' lang='lat' dir='ltr'><strong>frontis</strong></span> <span class='ocrx_word' id='word_1_75' title='bbox 334 1940 392 1995; x_wconf 78' lang='lat' dir='ltr'><strong>eal.</strong></span> <span class='ocrx_word' id='word_1_76' title='bbox 436 1975 437 1983; x_wconf 21' lang='grc' dir='ltr'><strong>κ</strong></span> <span class='ocrx_word' id='word_1_77' title='bbox 923 1952 925 1957; x_wconf 96' lang='grc'><strong><em>·</em></strong></span> 
     </span>
    </p>

    <p class='ocr_par' dir='ltr' id='par_1_4' title="bbox 192 2025 1217 2917">
     <span class='ocr_line' id='line_1_12' title="bbox 277 2025 1217 2113; baseline -0.006 -17"><span class='ocrx_word' id='word_1_78' title='bbox 277 2031 388 2096; x_wconf 79' lang='lat' dir='ltr'><strong>Otto.</strong></span> <span class='ocrx_word' id='word_1_79' title='bbox 426 2029 569 2113; x_wconf 85' lang='lat' dir='ltr'><strong>Quiescit</strong></span> <span class='ocrx_word' id='word_1_80' title='bbox 587 2028 620 2093; x_wconf 89' lang='lat' dir='ltr'><strong>in</strong></span> <span class='ocrx_word' id='word_1_81' title='bbox 639 2038 792 2113; x_wconf 83' lang='lat' dir='ltr'><strong>perpetua</strong></span> <span class='ocrx_word' id='word_1_82' title='bbox 809 2048 887 2111; x_wconf 86' lang='lat' dir='ltr'><strong>pace</strong></span> <span class='ocrx_word' id='word_1_83' title='bbox 905 2029 1081 2104; x_wconf 83' lang='lat' dir='ltr'><strong>Hulteuus,</strong></span> <span class='ocrx_word' id='word_1_84' title='bbox 1105 2025 1156 2090; x_wconf 80' lang='lat' dir='ltr'><strong>vir</strong></span> <span class='ocrx_word' id='word_1_85' title='bbox 1174 2027 1217 2091; x_wconf 89' lang='lat' dir='ltr'><strong>de</strong></span> 
     </span>
     <span class='ocr_line' id='line_1_13' title="bbox 198 2126 1217 2218; baseline -0.006 -22"><span class='ocrx_word' id='word_1_86' title='bbox 198 2129 333 2215; x_wconf 83' lang='lat' dir='ltr'><strong>pietate,</strong></span> <span class='ocrx_word' id='word_1_87' title='bbox 362 2132 555 2218; x_wconf 84' lang='lat' dir='ltr'><strong>Evangelio,</strong></span> <span class='ocrx_word' id='word_1_88' title='bbox 587 2128 742 2212; x_wconf 83' lang='lat' dir='ltr'><strong>religione</strong></span> <span class='ocrx_word' id='word_1_89' title='bbox 766 2131 872 2215; x_wconf 83' lang='lat' dir='ltr'>deque</span> <span class='ocrx_word' id='word_1_90' title='bbox 891 2127 983 2190; x_wconf 89' lang='lat' dir='ltr'><strong>bonis</strong></span> <span class='ocrx_word' id='word_1_91' title='bbox 1002 2126 1217 2207; x_wconf 73' lang='lat' dir='ltr'><strong>sirisoptime</strong></span> 
     </span>
     <span class='ocr_line' id='line_1_14' title="bbox 198 2228 1216 2311; baseline -0.009 -14"><span class='ocrx_word' id='word_1_92' title='bbox 198 2232 350 2307; x_wconf 81' lang='lat' dir='ltr'><strong>neritus,</strong></span> <span class='ocrx_word' id='word_1_93' title='bbox 387 2230 494 2311; x_wconf 79' lang='lat' dir='ltr'><strong>patrica</strong></span> <span class='ocrx_word' id='word_1_94' title='bbox 533 2231 683 2294; x_wconf 68' lang='lat' dir='ltr'><strong>libertatis</strong></span> <span class='ocrx_word' id='word_1_95' title='bbox 715 2233 850 2307; x_wconf 87' lang='lat' dir='ltr'><strong>vindex,</strong></span> <span class='ocrx_word' id='word_1_96' title='bbox 884 2228 1024 2292; x_wconf 82' lang='lat' dir='ltr'><strong>veritatis</strong></span> <span class='ocrx_word' id='word_1_97' title='bbox 1060 2228 1216 2305; x_wconf 75' lang='lat' dir='ltr'><strong>adsertor,</strong></span> 
     </span>
     <span class='ocr_line' id='line_1_15' title="bbox 194 2329 1217 2414; baseline -0.005 -18"><span class='ocrx_word' id='word_1_98' title='bbox 194 2330 409 2396; x_wconf 83' lang='lat' dir='ltr'><strong>&#39;Curtisanicaa</strong></span> <span class='ocrx_word' id='word_1_99' title='bbox 449 2330 650 2414; x_wconf 86' lang='lat' dir='ltr'><strong>impugnator</strong></span> <span class='ocrx_word' id='word_1_100' title='bbox 691 2331 974 2406; x_wconf 85' lang='lat' dir='ltr'><strong>constantissimus,</strong></span> <span class='ocrx_word' id='word_1_101' title='bbox 1018 2329 1217 2410; x_wconf 85' lang='lat' dir='ltr'><strong>Papistarum</strong></span> 
     </span>
     <span class='ocr_line' id='line_1_16' title="bbox 201 2427 1217 2514; baseline -0.003 -19"><span class='ocrx_word' id='word_1_102' title='bbox 201 2431 320 2508; x_wconf 84' lang='lat' dir='ltr'><strong>bostis,</strong></span> <span class='ocrx_word' id='word_1_103' title='bbox 349 2430 423 2514; x_wconf 87' lang='lat' dir='ltr'><strong>qui,</strong></span> <span class='ocrx_word' id='word_1_104' title='bbox 443 2431 517 2494; x_wconf 89' lang='lat' dir='ltr'><strong>dum</strong></span> <span class='ocrx_word' id='word_1_105' title='bbox 536 2431 634 2507; x_wconf 77' lang='lat' dir='ltr'><strong>vixit,</strong></span> <span class='ocrx_word' id='word_1_106' title='bbox 655 2432 794 2495; x_wconf 75' lang='lat' dir='ltr'><strong>frontem</strong></span> <span class='ocrx_word' id='word_1_107' title='bbox 818 2451 979 2514; x_wconf 89' lang='lat' dir='ltr'><strong>nunquam</strong></span> <span class='ocrx_word' id='word_1_108' title='bbox 997 2427 1126 2510; x_wconf 81' lang='lat' dir='ltr'><strong>abjecit,</strong></span> <span class='ocrx_word' id='word_1_109' title='bbox 1158 2429 1217 2492; x_wconf 89' lang='lat' dir='ltr'><strong>sed</strong></span> 
     </span>
     <span class='ocr_line' id='line_1_17' title="bbox 200 2529 1217 2613; baseline -0.002 -19"><span class='ocrx_word' id='word_1_110' title='bbox 200 2530 316 2594; x_wconf 78' lang='lat' dir='ltr'><strong>tronus</strong></span> <span class='ocrx_word' id='word_1_111' title='bbox 341 2529 539 2613; x_wconf 85' lang='lat' dir='ltr'><strong>pudorisque</strong></span> <span class='ocrx_word' id='word_1_112' title='bbox 558 2542 590 2593; x_wconf 84' lang='lat' dir='ltr'><strong>et</strong></span> <span class='ocrx_word' id='word_1_113' title='bbox 616 2531 704 2594; x_wconf 76' lang='lat' dir='ltr'><strong>samaa</strong></span> <span class='ocrx_word' id='word_1_114' title='bbox 730 2536 883 2597; x_wconf 85' lang='lat' dir='ltr'><strong>rationem</strong></span> <span class='ocrx_word' id='word_1_115' title='bbox 908 2550 1032 2611; x_wconf 79' lang='lat' dir='ltr'><strong>semper</strong></span> <span class='ocrx_word' id='word_1_116' title='bbox 1050 2529 1217 2593; x_wconf 86' lang='lat' dir='ltr'><strong>maximam</strong></span> 
     </span>
     <span class='ocr_line' id='line_1_18' title="bbox 196 2629 1214 2716; baseline -0.002 -21"><span class='ocrx_word' id='word_1_117' title='bbox 196 2629 327 2706; x_wconf 77' lang='lat' dir='ltr'><strong>hebuit,</strong></span> <span class='ocrx_word' id='word_1_118' title='bbox 346 2650 521 2716; x_wconf 83' lang='lat' dir='ltr'><strong>passusque</strong></span> <span class='ocrx_word' id='word_1_119' title='bbox 535 2642 582 2695; x_wconf 85' lang='lat' dir='ltr'><strong>est</strong></span> <span class='ocrx_word' id='word_1_120' title='bbox 600 2653 659 2714; x_wconf 87' lang='lat' dir='ltr'><strong>pro</strong></span> <span class='ocrx_word' id='word_1_121' title='bbox 677 2632 852 2697; x_wconf 82' lang='lat' dir='ltr'><strong>Christiana</strong></span> <span class='ocrx_word' id='word_1_122' title='bbox 870 2654 905 2695; x_wconf 86' lang='lat' dir='ltr'><strong>re</strong></span> <span class='ocrx_word' id='word_1_123' title='bbox 919 2633 1030 2707; x_wconf 87' lang='lat' dir='ltr'><strong>multa,</strong></span> <span class='ocrx_word' id='word_1_124' title='bbox 1051 2642 1082 2694; x_wconf 89' lang='lat' dir='ltr'><strong>el</strong></span> <span class='ocrx_word' id='word_1_125' title='bbox 1097 2652 1214 2712; x_wconf 77' lang='lat' dir='ltr'><strong>magno</strong></span> 
     </span>
     <span class='ocr_line' id='line_1_19' title="bbox 192 2730 1217 2816; baseline -0.003 -20"><span class='ocrx_word' id='word_1_126' title='bbox 192 2731 307 2796; x_wconf 63' lang='lat' dir='ltr'><strong>‘animo</strong></span> <span class='ocrx_word' id='word_1_127' title='bbox 339 2730 469 2812; x_wconf 82' lang='lat' dir='ltr'><strong>iujurias</strong></span> <span class='ocrx_word' id='word_1_128' title='bbox 501 2733 704 2816; x_wconf 81' lang='lat' dir='ltr'><strong>contempsit:</strong></span> <span class='ocrx_word' id='word_1_129' title='bbox 735 2734 839 2796; x_wconf 91' lang='lat' dir='ltr'><strong>donec</strong></span> <span class='ocrx_word' id='word_1_130' title='bbox 866 2730 1026 2795; x_wconf 86' lang='lat' dir='ltr'><strong>dormiens</strong></span> <span class='ocrx_word' id='word_1_131' title='bbox 1057 2731 1160 2807; x_wconf 85' lang='lat' dir='ltr'><strong>siluit,</strong></span> <span class='ocrx_word' id='word_1_132' title='bbox 1182 2743 1217 2795; x_wconf 84' lang='lat' dir='ltr'><strong>ct</strong></span> 
     </span>
     <span class='ocr_line' id='line_1_20' title="bbox 194 2831 1146 2917; baseline -0.007 -17"><span class='ocrx_word' id='word_1_133' title='bbox 194 2853 314 2900; x_wconf 66' lang='lat' dir='ltr'><strong>somno</strong></span> <span class='ocrx_word' id='word_1_134' title='bbox 332 2832 504 2917; x_wconf 87' lang='lat' dir='ltr'><strong>requiescit</strong></span> <span class='ocrx_word' id='word_1_135' title='bbox 521 2854 594 2897; x_wconf 88' lang='lat' dir='ltr'><strong>cum</strong></span> <span class='ocrx_word' id='word_1_136' title='bbox 613 2835 756 2917; x_wconf 85' lang='lat' dir='ltr'><strong>Regibus</strong></span> <span class='ocrx_word' id='word_1_137' title='bbox 775 2846 807 2895; x_wconf 85' lang='lat' dir='ltr'><strong>et</strong></span> <span class='ocrx_word' id='word_1_138' title='bbox 826 2831 1018 2897; x_wconf 82' lang='lat' dir='ltr'><strong>Consulibus</strong></span> <span class='ocrx_word' id='word_1_139' title='bbox 1037 2834 1146 2893; x_wconf 83' lang='lat' dir='ltr'><strong>terrael</strong></span> 
     </span>
    </p>

    <p class='ocr_par' dir='ltr' id='par_1_5' title="bbox 274 2934 1216 3019">
     <span class='ocr_line' id='line_1_21' title="bbox 274 2934 1216 3019; baseline -0.004 -21"><span class='ocrx_word' id='word_1_140' title='bbox 274 2937 473 2999; x_wconf 86' lang='lat' dir='ltr'><strong>Erasmus.</strong></span> <span class='ocrx_word' id='word_1_141' title='bbox 511 2934 623 3019; x_wconf 89' lang='lat' dir='ltr'><strong>ltaque</strong></span> <span class='ocrx_word' id='word_1_142' title='bbox 652 2934 806 3019; x_wconf 79' lang='lat' dir='ltr'><strong>quicquid</strong></span> <span class='ocrx_word' id='word_1_143' title='bbox 831 2935 882 2997; x_wconf 91' lang='lat' dir='ltr'><strong>hic</strong></span> <span class='ocrx_word' id='word_1_144' title='bbox 900 2942 1153 3010; x_wconf 72' lang='lat' dir='ltr'><strong>commemorat,</strong></span> <span class='ocrx_word' id='word_1_145' title='bbox 1172 2954 1216 2997; x_wconf 83' lang='lat' dir='ltr'><strong>ex</strong></span> 
     </span>
    </p>

    <p class='ocr_par' dir='ltr' id='par_1_6' title="bbox 189 3036 1292 3815">
     <span class='ocr_line' id='line_1_22' title="bbox 199 3036 636 3100; baseline -0.005 0"><span class='ocrx_word' id='word_1_146' title='bbox 199 3036 382 3100; x_wconf 80' lang='lat' dir='ltr'><strong>rumoribus</strong></span> <span class='ocrx_word' id='word_1_147' title='bbox 403 3046 636 3100; x_wconf 85' lang='lat' dir='ltr'><strong>commemorat.</strong></span> 
     </span>
     <span class='ocr_line' id='line_1_23' title="bbox 193 3131 1214 3217; baseline -0.002 -20"><span class='ocrx_word' id='word_1_148' title='bbox 193 3174 196 3180; x_wconf 71' lang='lat'><strong>,</strong></span> <span class='ocrx_word' id='word_1_149' title='bbox 274 3137 382 3205; x_wconf 71' lang='lat' dir='ltr'><strong>otto,</strong></span> <span class='ocrx_word' id='word_1_150' title='bbox 419 3136 517 3217; x_wconf 84' lang='lat' dir='ltr'><strong>Quasi</strong></span> <span class='ocrx_word' id='word_1_151' title='bbox 538 3157 605 3199; x_wconf 89' lang='lat' dir='ltr'><strong>non</strong></span> <span class='ocrx_word' id='word_1_152' title='bbox 633 3147 667 3199; x_wconf 85' lang='lat' dir='ltr'><strong>et</strong></span> <span class='ocrx_word' id='word_1_153' title='bbox 694 3147 729 3199; x_wconf 88' lang='lat' dir='ltr'><strong>lu</strong></span> <span class='ocrx_word' id='word_1_154' title='bbox 754 3134 919 3210; x_wconf 86' lang='lat' dir='ltr'><strong>universa,</strong></span> <span class='ocrx_word' id='word_1_155' title='bbox 952 3155 1020 3217; x_wconf 84' lang='lat' dir='ltr'><strong>quae</strong></span> <span class='ocrx_word' id='word_1_156' title='bbox 1040 3131 1151 3207; x_wconf 87' lang='lat' dir='ltr'><strong>habes,</strong></span> <span class='ocrx_word' id='word_1_157' title='bbox 1171 3133 1214 3195; x_wconf 87' lang='lat' dir='ltr'><strong>de</strong></span> 
     </span>
     <span class='ocr_line' id='line_1_24' title="bbox 194 3234 1216 3320; baseline -0.004 -21"><span class='ocrx_word' id='word_1_158' title='bbox 194 3234 345 3312; x_wconf 63' lang='lat' dir='ltr'><strong>fortuna,</strong></span> <span class='ocrx_word' id='word_1_159' title='bbox 372 3238 532 3314; x_wconf 86' lang='lat' dir='ltr'><strong>moribus,</strong></span> <span class='ocrx_word' id='word_1_160' title='bbox 564 3236 646 3311; x_wconf 79' lang='lat' dir='ltr'><strong>vita,</strong></span> <span class='ocrx_word' id='word_1_161' title='bbox 674 3239 780 3320; x_wconf 86' lang='lat' dir='ltr'><strong>deque</strong></span> <span class='ocrx_word' id='word_1_162' title='bbox 798 3236 981 3301; x_wconf 75' lang='lat' dir='ltr'><strong>inconsultis</strong></span> <span class='ocrx_word' id='word_1_163' title='bbox 1001 3235 1155 3312; x_wconf 85' lang='lat' dir='ltr'><strong>consiliis,</strong></span> <span class='ocrx_word' id='word_1_164' title='bbox 1176 3245 1216 3297; x_wconf 88' lang='lat' dir='ltr'><strong>ut</strong></span> 
     </span>
     <span class='ocr_line' id='line_1_25' title="bbox 196 3333 1292 3422; baseline 0.002 -23"><span class='ocrx_word' id='word_1_165' title='bbox 196 3333 316 3420; x_wconf 81' lang='lat' dir='ltr'><strong>inquis,</strong></span> <span class='ocrx_word' id='word_1_166' title='bbox 336 3336 467 3399; x_wconf 86' lang='lat' dir='ltr'><strong>Hulteni</strong></span> <span class='ocrx_word' id='word_1_167' title='bbox 481 3359 521 3401; x_wconf 87' lang='lat' dir='ltr'><strong>ex</strong></span> <span class='ocrx_word' id='word_1_168' title='bbox 534 3337 713 3401; x_wconf 86' lang='lat' dir='ltr'><strong>rumoribus</strong></span> <span class='ocrx_word' id='word_1_169' title='bbox 734 3338 857 3400; x_wconf 85' lang='lat' dir='ltr'><strong>habeas.</strong></span> <span class='ocrx_word' id='word_1_170' title='bbox 896 3340 976 3401; x_wconf 87' lang='lat' dir='ltr'><strong>Nam</strong></span> <span class='ocrx_word' id='word_1_171' title='bbox 988 3336 1086 3422; x_wconf 86' lang='lat' dir='ltr'><strong>siquis</strong></span> <span class='ocrx_word' id='word_1_172' title='bbox 1101 3349 1214 3401; x_wconf 82' lang='lat' dir='ltr'><strong>exacte</strong></span> <span class='ocrx_word' id='word_1_173' title='bbox 1289 3350 1292 3355; x_wconf 84' lang='lat'>&#39;</span> 
     </span>
     <span class='ocr_line' id='line_1_26' title="bbox 195 3437 1214 3522; baseline 0.001 -22"><span class='ocrx_word' id='word_1_174' title='bbox 195 3437 419 3518; x_wconf 72' lang='lat' dir='ltr'><strong>compresserit</strong></span> <span class='ocrx_word' id='word_1_175' title='bbox 434 3449 517 3500; x_wconf 85' lang='lat' dir='ltr'><strong>luam</strong></span> <span class='ocrx_word' id='word_1_176' title='bbox 531 3437 716 3521; x_wconf 84' lang='lat' dir='ltr'><strong>Spongiam,</strong></span> <span class='ocrx_word' id='word_1_177' title='bbox 738 3437 813 3500; x_wconf 89' lang='lat' dir='ltr'><strong>nihil</strong></span> <span class='ocrx_word' id='word_1_178' title='bbox 831 3438 900 3501; x_wconf 79' lang='lat' dir='ltr'><strong>fere</strong></span> <span class='ocrx_word' id='word_1_179' title='bbox 916 3450 1064 3522; x_wconf 82' lang='lat' dir='ltr'><strong>emungel</strong></span> <span class='ocrx_word' id='word_1_180' title='bbox 1075 3439 1135 3500; x_wconf 91' lang='lat' dir='ltr'><strong>nisi</strong></span> <span class='ocrx_word' id='word_1_181' title='bbox 1150 3441 1214 3501; x_wconf 89' lang='lat' dir='ltr'><strong>ele-</strong></span> 
     </span>
     <span class='ocr_line' id='line_1_27' title="bbox 197 3538 1212 3626; baseline -0.002 -23"><span class='ocrx_word' id='word_1_182' title='bbox 197 3551 306 3626; x_wconf 85' lang='lat' dir='ltr'><strong>gantes</strong></span> <span class='ocrx_word' id='word_1_183' title='bbox 330 3561 430 3623; x_wconf 85' lang='lat' dir='ltr'><strong>nugas</strong></span> <span class='ocrx_word' id='word_1_184' title='bbox 449 3551 481 3602; x_wconf 88' lang='lat' dir='ltr'><strong>ct</strong></span> <span class='ocrx_word' id='word_1_185' title='bbox 496 3539 619 3604; x_wconf 85' lang='lat' dir='ltr'><strong>erudita</strong></span> <span class='ocrx_word' id='word_1_186' title='bbox 629 3538 801 3616; x_wconf 83' lang='lat' dir='ltr'><strong>mendacia,</strong></span> <span class='ocrx_word' id='word_1_187' title='bbox 821 3561 890 3623; x_wconf 85' lang='lat' dir='ltr'><strong>quaa</strong></span> <span class='ocrx_word' id='word_1_188' title='bbox 904 3539 1069 3619; x_wconf 84' lang='lat' dir='ltr'><strong>egregium</strong></span> <span class='ocrx_word' id='word_1_189' title='bbox 1082 3539 1212 3622; x_wconf 81' lang='lat' dir='ltr'><strong>quidem</strong></span> 
     </span>
     <span class='ocr_line' id='line_1_28' title="bbox 198 3640 1213 3724; baseline -0.002 -20"><span class='ocrx_word' id='word_1_190' title='bbox 198 3652 355 3704; x_wconf 82' lang='lat' dir='ltr'><strong>ostentant</strong></span> <span class='ocrx_word' id='word_1_191' title='bbox 365 3640 525 3717; x_wconf 85' lang='lat' dir='ltr'><strong>artificem,</strong></span> <span class='ocrx_word' id='word_1_192' title='bbox 533 3649 679 3702; x_wconf 70' lang='lat' dir='ltr'><strong>ceterum</strong></span> <span class='ocrx_word' id='word_1_193' title='bbox 692 3641 849 3704; x_wconf 88' lang='lat' dir='ltr'><strong>homiuem</strong></span> <span class='ocrx_word' id='word_1_194' title='bbox 860 3660 966 3724; x_wconf 84' lang='lat' dir='ltr'><strong>neque</strong></span> <span class='ocrx_word' id='word_1_195' title='bbox 981 3643 1085 3722; x_wconf 90' lang='lat' dir='ltr'><strong>pium,</strong></span> <span class='ocrx_word' id='word_1_196' title='bbox 1104 3659 1213 3723; x_wconf 86' lang='lat' dir='ltr'><strong>neque</strong></span> 
     </span>
     <span class='ocr_line' id='line_1_29' title="bbox 189 3742 848 3815; baseline -0.009 -8"><span class='ocrx_word' id='word_1_197' title='bbox 189 3742 364 3807; x_wconf 82' lang='lat' dir='ltr'><strong>sincerum.</strong></span> <span class='ocrx_word' id='word_1_198' title='bbox 842 3808 848 3815; x_wconf 60' lang='grc'><strong>,</strong></span> 
     </span>
    </p>

    <p class='ocr_par' dir='ltr' id='par_1_7' title="bbox 272 3837 1212 3926">
     <span class='ocr_line' id='line_1_30' title="bbox 272 3837 1212 3926; baseline 0.003 -23"><span class='ocrx_word' id='word_1_199' title='bbox 272 3837 468 3904; x_wconf 77' lang='lat' dir='ltr'><strong>Erasmus.</strong></span> <span class='ocrx_word' id='word_1_200' title='bbox 506 3839 543 3902; x_wconf 84' lang='lat' dir='ltr'><strong>ln</strong></span> <span class='ocrx_word' id='word_1_201' title='bbox 561 3839 684 3918; x_wconf 87' lang='lat' dir='ltr'><strong>libello,</strong></span> <span class='ocrx_word' id='word_1_202' title='bbox 705 3840 761 3925; x_wconf 82' lang='lat' dir='ltr'><strong>qui</strong></span> <span class='ocrx_word' id='word_1_203' title='bbox 781 3841 857 3904; x_wconf 88' lang='lat' dir='ltr'><strong>nulli</strong></span> <span class='ocrx_word' id='word_1_204' title='bbox 875 3841 961 3904; x_wconf 88' lang='lat' dir='ltr'><strong>bono</strong></span> <span class='ocrx_word' id='word_1_205' title='bbox 978 3863 1044 3904; x_wconf 89' lang='lat' dir='ltr'><strong>non</strong></span> <span class='ocrx_word' id='word_1_206' title='bbox 1059 3844 1212 3926; x_wconf 84' lang='lat' dir='ltr'><strong>displicet.</strong></span> 
     </span>
    </p>

    <p class='ocr_par' dir='ltr' id='par_1_8' title="bbox 273 3939 1240 4024">
     <span class='ocr_line' id='line_1_31' title="bbox 273 3939 1240 4024; baseline 0.006 -21"><span class='ocrx_word' id='word_1_207' title='bbox 273 3944 379 4004; x_wconf 88' lang='lat' dir='ltr'><strong>Otto.</strong></span> <span class='ocrx_word' id='word_1_208' title='bbox 418 3940 482 4022; x_wconf 86' lang='lat' dir='ltr'><strong>Qui</strong></span> <span class='ocrx_word' id='word_1_209' title='bbox 501 3939 577 4004; x_wconf 89' lang='lat' dir='ltr'><strong>nulli</strong></span> <span class='ocrx_word' id='word_1_210' title='bbox 595 3941 700 4019; x_wconf 89' lang='lat' dir='ltr'><strong>bono,</strong></span> <span class='ocrx_word' id='word_1_211' title='bbox 731 3953 764 4005; x_wconf 88' lang='lat' dir='ltr'><strong>et</strong></span> <span class='ocrx_word' id='word_1_212' title='bbox 782 3944 991 4024; x_wconf 69' lang='lat' dir='ltr'><strong>Evangelium</strong></span> <span class='ocrx_word' id='word_1_213' title='bbox 1013 3949 1125 4008; x_wconf 86' lang='lat' dir='ltr'><strong>zelanti</strong></span> <span class='ocrx_word' id='word_1_214' title='bbox 1144 3969 1212 4011; x_wconf 90' lang='lat' dir='ltr'><strong>non</strong></span> <span class='ocrx_word' id='word_1_215' title='bbox 1236 3986 1240 3993; x_wconf 93' lang='lat'><em>·</em></span> 
     </span>
    </p>
   </div>
   <div class='ocr_carea' id='block_1_3' title="bbox 114 4041 1212 4532">
    <p class='ocr_par' dir='ltr' id='par_1_9' title="bbox 114 4041 1212 4428">
     <span class='ocr_line' id='line_1_32' title="bbox 194 4041 1212 4135; baseline 0.006 -31"><span class='ocrx_word' id='word_1_216' title='bbox 194 4041 330 4125; x_wconf 71' lang='lat' dir='ltr'><strong>placuit,</strong></span> <span class='ocrx_word' id='word_1_217' title='bbox 365 4041 522 4124; x_wconf 85' lang='lat' dir='ltr'><strong>displicuit</strong></span> <span class='ocrx_word' id='word_1_218' title='bbox 551 4061 630 4104; x_wconf 81' lang='lat' dir='ltr'><strong>vero</strong></span> <span class='ocrx_word' id='word_1_219' title='bbox 658 4063 725 4107; x_wconf 88' lang='lat' dir='ltr'><strong>non</strong></span> <span class='ocrx_word' id='word_1_220' title='bbox 753 4042 814 4105; x_wconf 83' lang='lat' dir='ltr'><strong>uisi</strong></span> <span class='ocrx_word' id='word_1_221' title='bbox 843 4043 986 4135; x_wconf 78' lang='lat' dir='ltr'><strong>pessimis</strong></span> <span class='ocrx_word' id='word_1_222' title='bbox 1017 4058 1050 4107; x_wconf 87' lang='lat' dir='ltr'><strong>et</strong></span> <span class='ocrx_word' id='word_1_223' title='bbox 1075 4048 1212 4130; x_wconf 88' lang='lat' dir='ltr'><strong>Papisti·</strong></span> 
     </span>
     <span class='ocr_line' id='line_1_33' title="bbox 195 4163 336 4206; baseline 0 -2"><span class='ocrx_word' id='word_1_224' title='bbox 195 4163 336 4206; x_wconf 80' lang='lat' dir='ltr'><strong>cnmmrs.</strong></span> 
     </span>
     <span class='ocr_line' id='line_1_34' title="bbox 114 4243 1210 4330; baseline 0.007 -25"><span class='ocrx_word' id='word_1_225' title='bbox 114 4249 116 4254; x_wconf 87' lang='lat'>&#39;</span> <span class='ocrx_word' id='word_1_226' title='bbox 145 4302 148 4306; x_wconf 81' lang='grc'><em>,</em></span> <span class='ocrx_word' id='word_1_227' title='bbox 271 4246 472 4308; x_wconf 83' lang='lat' dir='ltr'><strong>Erasmus.</strong></span> <span class='ocrx_word' id='word_1_228' title='bbox 509 4243 633 4308; x_wconf 88' lang='lat' dir='ltr'><strong>Verum</strong></span> <span class='ocrx_word' id='word_1_229' title='bbox 661 4244 829 4330; x_wconf 86' lang='lat' dir='ltr'><strong>aliquando</strong></span> <span class='ocrx_word' id='word_1_230' title='bbox 859 4246 946 4323; x_wconf 88' lang='lat' dir='ltr'><strong>dixi,</strong></span> <span class='ocrx_word' id='word_1_231' title='bbox 978 4249 1091 4312; x_wconf 90' lang='lat' dir='ltr'><strong>librum</strong></span> <span class='ocrx_word' id='word_1_232' title='bbox 1123 4252 1210 4314; x_wconf 90' lang='lat' dir='ltr'><strong>illum</strong></span> 
     </span>
     <span class='ocr_line' id='line_1_35' title="bbox 193 4345 735 4428; baseline -0.007 -15"><span class='ocrx_word' id='word_1_233' title='bbox 193 4345 340 4413; x_wconf 83' lang='lat' dir='ltr'><strong>omnibus</strong></span> <span class='ocrx_word' id='word_1_234' title='bbox 361 4346 476 4409; x_wconf 86' lang='lat' dir='ltr'><strong>merdis</strong></span> <span class='ocrx_word' id='word_1_235' title='bbox 495 4347 735 4428; x_wconf 81' lang='lat' dir='ltr'><strong>percacandum.</strong></span> 
     </span>
    </p>

    <p class='ocr_par' dir='ltr' id='par_1_10' title="bbox 228 4444 1211 4532">
     <span class='ocr_line' id='line_1_36' title="bbox 228 4444 1211 4532; baseline 0.004 -19"><span class='ocrx_word' id='word_1_236' title='bbox 228 4460 231 4465; x_wconf 85' lang='lat'>&#39;</span> <span class='ocrx_word' id='word_1_237' title='bbox 270 4449 378 4513; x_wconf 83' lang='lat' dir='ltr'><strong>Otto.</strong></span> <span class='ocrx_word' id='word_1_238' title='bbox 415 4448 485 4512; x_wconf 80' lang='lat' dir='ltr'><strong>litai</strong></span> <span class='ocrx_word' id='word_1_239' title='bbox 508 4459 546 4512; x_wconf 88' lang='lat' dir='ltr'><strong>tu</strong></span> <span class='ocrx_word' id='word_1_240' title='bbox 565 4448 626 4512; x_wconf 88' lang='lat' dir='ltr'><strong>boc</strong></span> <span class='ocrx_word' id='word_1_241' title='bbox 644 4468 828 4532; x_wconf 81' lang='lat' dir='ltr'><strong>uegesnon</strong></span> <span class='ocrx_word' id='word_1_242' title='bbox 846 4444 983 4524; x_wconf 86' lang='lat' dir='ltr'><strong>dictum,</strong></span> <span class='ocrx_word' id='word_1_243' title='bbox 1011 4462 1114 4516; x_wconf 85' lang='lat' dir='ltr'><strong>tamen</strong></span> <span class='ocrx_word' id='word_1_244' title='bbox 1132 4453 1211 4517; x_wconf 87' lang='lat' dir='ltr'><strong>mihil</strong></span> 
     </span>
    </p>
   </div>
   <div class='ocr_carea' id='block_1_4' title="bbox 0 0 1314 5108">
    <p class='ocr_par' dir='ltr' id='par_1_11' title="bbox 0 0 1314 5108">
     <span class='ocr_line' id='line_1_37' title="bbox 0 0 1314 5108; baseline 0 2"><span class='ocrx_word' id='word_1_245' title='bbox 0 0 1314 5108; x_wconf 95' lang='lat' dir='ltr'><strong> </strong></span> 
     </span>
    </p>
   </div>
  </div>
 </body>
</html>
