2618 5108
193 810 266 886 ast
326 812 384 886 Ad
408 810 679 912 Imperatorem
704 808 892 882 Caesarem
918 807 1090 881 Carolum

190 1004 295 1069 affecti
317 1006 390 1083 tibi,
418 1026 545 1070 oramus
564 1018 600 1069 ut
618 1004 811 1084 majestatem
831 1023 1003 1067 conserves
1023 1003 1057 1064 in
1075 1002 1219 1082 imperio,

193 1127 255 1170 nec
275 1107 459 1189 dignitatem
478 1120 563 1172 tuam
582 1106 839 1170 conculcantibus
858 1117 890 1165 te
910 1105 1036 1185 prodas.
1077 1104 1174 1181 Quod
1194 1101 1223 1165 si

192 1207 296 1271 minus
312 1212 530 1290 impetramus,
550 1220 616 1272 tum
636 1230 693 1290 per
713 1211 844 1271 salutem
862 1223 893 1270 te
912 1218 996 1268 tuam
1017 1205 1221 1280 obtestamur,

193 1309 298 1371 nostri
326 1313 435 1374 saitem
463 1311 660 1385 miserearis,
688 1331 753 1372 neu
778 1309 811 1371 in
837 1320 923 1370 tuam
941 1308 1064 1369 ruinam
1084 1307 1221 1367 adducas

192 1419 290 1472 totam
320 1411 411 1474 simui
439 1413 617 1487 nationem,
648 1421 695 1471 tot
730 1409 942 1472 nobilissimos
977 1428 1145 1489 proceres,
1174 1416 1222 1466 tot

124 1504 127 1512 ¹
193 1509 381 1574 fortissimos
401 1512 507 1587 viros,
536 1532 674 1595 quorum
693 1511 790 1574 debes
823 1511 997 1573 libertatern
1018 1527 1220 1599 conservare,

194 1632 262 1675 non
272 1613 456 1675 servitutem
464 1634 657 1694 procurare,
671 1615 861 1695 gravissima·
875 1610 1221 1690 objiciascontumeliae.

195 1713 318 1794 Magno
339 1714 426 1776 varie
445 1714 563 1793 pudori
582 1715 697 1778 adfecti
720 1737 828 1778 sumus
848 1713 1000 1794 proximis
1021 1713 1126 1785 annis,
1159 1712 1221 1773 hoc

193 1827 230 1877 tu
249 1837 290 1877 ne
312 1816 407 1891 adde,
438 1827 475 1877 ut
496 1816 611 1899 quibus
632 1817 786 1897 imperare
807 1828 839 1876 et
867 1826 958 1893 potes
985 1825 1017 1875 et
1036 1814 1152 1886 debes,
1183 1811 1222 1873 iis

195 1917 279 1977 ultro
299 1915 437 1992 servias,
458 1917 554 1979 acite
573 1919 709 1994 servias,
731 1928 765 1979 ut
789 1916 933 1977 omnibus
954 1916 1044 1976 simui
1059 1912 1150 1975 nobis
1165 1935 1224 1975 ex·

194 2026 316 2080 ternam
336 2018 521 2081 servitutem
542 2021 690 2100 imperes.
728 2021 807 2080 Nam
821 2017 898 2099 quid
912 2016 981 2077 maii
998 2017 1039 2075 ita
1053 2014 1222 2077 Germania

194 2117 328 2195 meruit,
348 2131 383 2180 ut
402 2132 522 2196 tecum,
544 2143 610 2182 non
629 2142 689 2203 pro
709 2132 740 2182 te
761 2118 893 2200 pereat?
915 2119 986 2179 Duc
1005 2138 1064 2178 nos
1079 2116 1110 2177 in
1125 2117 1223 2178 mani·

194 2219 312 2282 festum
331 2223 436 2299 potius
458 2222 653 2299 periculum,
685 2222 748 2282 duc
765 2221 798 2281 in
820 2221 956 2293 ferrum,
985 2218 1047 2278 duc
1068 2220 1099 2278 in
1120 2217 1221 2299 ignes.

193 2317 327 2382 Cunctae
347 2321 379 2379 in
399 2340 460 2381 nos
480 2319 620 2381 nationes
636 2321 837 2401 conspirent,
859 2341 969 2380 omnes
989 2329 1080 2380 ruant
1099 2320 1220 2398 popuii,

195 2419 336 2480 omnium
356 2419 543 2499 impetamur
563 2422 675 2498 armis,
704 2435 740 2485 ut
767 2426 798 2486 in
828 2423 969 2503 periculo
997 2421 1144 2481 virtutem
1166 2441 1223 2480 ex-

194 2518 296 2600 periri
316 2521 422 2600 potius
442 2522 552 2596 liceat,
587 2544 681 2605 quam
708 2523 752 2585 sic
782 2526 934 2597 demisse,
966 2525 1009 2583 sic
1041 2543 1107 2581 non
1129 2521 1224 2583 virili·

193 2629 261 2696 ter,
282 2618 349 2682 sine
371 2622 464 2683 armis
484 2617 516 2684 et
535 2625 630 2699 caede,
649 2625 847 2687 foeminarum
867 2645 956 2686 more
982 2624 1222 2685 succumbamus

193 2735 228 2784 et
254 2723 438 2786 serviamus.
487 2725 564 2805 Spes
584 2724 646 2788 fuit
678 2729 856 2790 Romanum
882 2744 912 2787 te
945 2747 962 2786 a
990 2724 1082 2785 nobis
1111 2722 1224 2805 jugum

193 2825 387 2916 ablaturum,
428 2826 517 2888 istam
543 2829 737 2890 Pontificum
761 2827 959 2907 tyrannidem
986 2826 1222 2887 demoliturum.

94 2933 98 2943 '
190 2925 251 2990 Dii
278 2926 380 2987 faxint
399 2929 529 2988 meliora
550 2929 629 3003 sint,
659 2950 728 3011 quse
749 2941 923 3011 sequentur
942 2928 1002 2987 hoc
1022 2926 1223 3005 principium,
1280 2919 1284 2922 ³

195 3047 268 3088 nam
288 3029 390 3089 adhuc
415 3030 479 3089 etsi
505 3039 643 3090 summus
672 3050 738 3091 non
764 3043 812 3091 est
841 3040 960 3102 metus,
996 3037 1099 3087 tamen
1130 3028 1224 3088 etiarn

190 3127 389 3188 'confidentia
416 3149 486 3191 esse
514 3130 547 3190 in
567 3133 624 3193 bac
643 3129 814 3194 humilitate
837 3151 905 3212 quse
926 3127 1054 3207 potest?
1085 3129 1225 3189 Tantum

190 3227 443 3306 Imperatorem,
475 3250 584 3311 regem
610 3243 658 3293 tot
685 3231 865 3306 nationum,
897 3240 958 3289 tam
978 3245 1131 3309 promptae
1158 3249 1225 3291 ser-

197 3327 304 3390 vitutis
325 3349 413 3405 esse,
433 3341 469 3391 ut
489 3331 562 3412 cogi
583 3352 647 3392 non
669 3344 846 3412 exspectes.
884 3330 968 3392 Scias
982 3329 1226 3411 enirnaequiori·

196 3430 256 3493 bus
277 3430 386 3493 animis
406 3433 522 3493 laturos
541 3432 640 3495 fuisse
660 3434 853 3506 Germanos,
875 3433 901 3492 si
923 3432 993 3512 quis
1006 3430 1225 3510 experientem

129 3528 138 3541 “
198 3542 229 3593 te
258 3531 385 3594 vicisset
409 3533 549 3609 viribus,
583 3547 614 3595 et
644 3535 683 3595 ad
703 3534 902 3596 conditiones
930 3532 1015 3613 pacis
1038 3533 1132 3593 etiam
1158 3552 1224 3593 non

196 3635 330 3696 muitum
346 3654 450 3715 aequas
467 3633 676 3713 propulisset,
699 3655 793 3719 quam
809 3654 909 3708 nunc,
931 3654 1003 3694 cum
1018 3632 1123 3707 videt,
1144 3633 1225 3694 duo·

188 3733 257 3796 'bus
291 3755 402 3813 parum
432 3736 570 3811 honestis
604 3736 738 3799 dimissis
769 3735 808 3796 ab
839 3734 920 3795 urbe
942 3736 1004 3795 huc
1025 3733 1225 3808 oratorcuiis,

199 3853 271 3895 cum
297 3835 448 3896 mandatis
479 3835 593 3897 mirum
619 3837 651 3898 in
671 3837 801 3899 modum
830 3834 1023 3915 imperiosis,
1055 3834 1175 3897 victum
1195 3847 1226 3898 et

197 3935 381 3998 devinctum
401 3936 504 3999 omnia
520 3939 714 4014 concedere,
735 3936 809 3999 nihil
829 3936 983 4012 abnuere,
1004 3957 1041 3997 ut
1060 3935 1131 4012 jure
1146 3936 1228 4016 opti·
1286 3974 1291 3986 ·

198 4057 252 4100 mo
273 4047 474 4100 contemnant
494 4059 552 4099 nos
579 4040 696 4114 exteri,
727 4049 838 4119 utpote
865 4059 948 4120 quos
973 4035 1083 4098 vident
1107 4048 1227 4099 tantum

186 4159 265 4201 non
290 4160 376 4213 esse,
408 4139 465 4222 qui
495 4139 559 4200 aliis
587 4140 778 4221 imperemus
805 4140 958 4212 idoneos,
988 4148 1025 4197 ut
1048 4139 1227 4213 feramus*)

198 4237 259 4321 ipsi
279 4240 431 4302 servitute
457 4228 615 4321 pretiri**)
653 4245 749 4324 longe
777 4238 1066 4320 despicabilissima.
1106 4242 1143 4302 ln
1166 4261 1228 4302 avo

198 4352 255 4404 tuo
289 4362 388 4424 grave
416 4353 501 4418 erat,
539 4343 628 4426 quod
660 4344 792 4406 nimium
816 4339 927 4405 scribis
951 4339 1126 4415 tribuebat,
1157 4361 1230 4403 eos·

149 4594 156 4611 .
235 4553 265 4619 ⁸)
280 4564 420 4608 Feramus:
438 4561 521 4611 nmns.
557 4554 604 4624 ⁸⁴)
623 4565 730 4612 Preme:
748 4565 831 4623 pressi.
