2618 5108
423 797 472 873 sd
495 795 692 921 Spongiam
714 801 869 878 Erasini
1079 804 1152 880 ‘an

139 1001 233 1074 turpe
259 984 357 1055 luerit
384 992 503 1055 dicere.
526 1051 529 1059 ,
549 986 767 1075 Neque-enim
790 995 904 1073 video,
931 997 985 1061 cui
1003 999 1102 1081 possit
1113 999 1155 1063 in

139 1094 302 1156 meliorem
324 1094 463 1157 fructum
491 1092 564 1156 usui
590 1113 671 1158 esse.
715 1096 780 1158 Sed
806 1099 890 1160 hune
916 1120 1052 1183 quoquo
1066 1120 1155 1163 arros

134 1193 355 1276 -gantissimum
376 1194 580 1258 Curtisanum
608 1194 673 1257 suis
692 1193 854 1277 ipsissimis
870 1200 1034 1263 coloribus
1052 1198 1155 1282 pinxit

140 1305 244 1359 Jonas
275 1306 399 1371 noster,
418 1294 648 1378 responditque
666 1296 711 1360 illi
730 1318 789 1378 pro
809 1297 939 1364 meritis.

214 1397 416 1459 Erasmus.
453 1395 512 1458 Mc
542 1392 605 1476 iam
637 1397 761 1479 pridem
787 1398 931 1463 iacttonis
960 1399 1060 1463 luisse
1086 1398 1155 1462 Ins·

140 1496 287 1559 theranaa.
1088 1548 1090 1553 ,

220 1598 325 1660 Otto.
363 1596 511 1663 cessabis
530 1597 701 1663 factionem
721 1601 894 1683 appellares
914 1594 986 1662 narn
1004 1598 1038 1660 in
1055 1597 1155 1667 nemi·

139 1717 212 1760 nem
231 1696 356 1761 laetiori
386 1717 505 1762 samus.
559 1700 656 1782 Quod
690 1698 717 1762 si
744 1699 889 1782 protinus
916 1698 1067 1764 factiosus
1095 1707 1154 1775 est,

141 1797 198 1880 qui
216 1799 304 1880 cupit
322 1798 504 1876 instaurari,
535 1809 569 1861 et
597 1799 720 1863 restitui
739 1801 899 1884 medam,
929 1798 1155 1864 convincemus

142 1897 262 1960 eisdem
280 1901 321 1961 de
340 1898 461 1976 causis,
480 1911 512 1962 te
532 1921 663 1983 qnoque
674 1899 927 1965 factiosissimum
940 1901 1155 1963 Lutberanum

124 2018 224 2074 esse.
261 1998 409 2061 Meminit
438 2010 471 2063 et
501 2001 542 2064 de
565 2002 627 2063 boc
652 2000 685 2062 in
705 1999 968 2081 Expostulatione
994 2002 1155 2062 Huttenus

141 2099 293 2181 quadarn.
332 2100 433 2172 „Nam
453 2110 486 2162 et
503 2111 556 2177 tu,
576 2100 696 2187 inquit,
720 2111 756 2164 ut
775 2103 862 2183 prius
879 2098 1023 2176 ostendi,
1044 2097 1156 2163 eadem

139 2196 233 2280 egisti
261 2218 297 2260 ac
323 2198 412 2279 prius
442 2198 551 2281 egisti,
582 2221 676 2283 quam
702 2220 772 2280 me,
800 2205 852 2264 vel
870 2201 1047 2264 Lutherum
1063 2208 1155 2263 natos

142 2298 237 2362 sciret
255 2301 409 2376 mundus,
440 2298 514 2362 lieet
531 2320 616 2364 nunc
640 2322 758 2383 purges
777 2312 808 2365 te
827 2301 904 2379 illis,
934 2320 971 2362 ac
999 2299 1076 2364 nihil
1093 2300 1156 2362 talo

132 2397 302 2462 admisisse
320 2397 423 2462 videri
447 2402 537 2465 velis.
574 2403 618 2466 As
634 2404 686 2465 rel
705 2402 825 2466 aboleri
842 2403 1008 2467 maximam
1027 2412 1157 2465 tuorum

140 2503 330 2583 scriptorum
357 2514 477 2581 partem
510 2502 688 2584 oportebit,
716 2505 768 2567 vel
786 2502 966 2568 censeberis
985 2512 1018 2564 et
1034 2512 1071 2565 tu
1090 2502 1156 2566 iac·

134 2601 228 2664 tione
259 2603 317 2664 hac
336 2601 621 2687 ¹(quandoquidem
649 2602 744 2666 factio
776 2607 924 2680 vocatur)
941 2603 980 2666 ab
996 2602 1154 2679 omnibus,

140 2702 284 2786 quirem
309 2701 408 2785 ipsam
437 2703 631 2766 sastimabunt
657 2703 775 2786 magis,
808 2723 902 2787 quara
920 2704 1027 2784 specie
1045 2722 1156 2766 move

142 2802 287 2865 buntur.“
324 2803 389 2865 Sed
408 2803 533 2866 interim
552 2803 713 2887 perpetuis
735 2803 876 2886 epistolis
897 2815 929 2866 et
947 2803 1058 2885 libellis
1077 2822 1156 2866 oon·

139 2913 273 2979 testare,
301 2904 406 2966 neutri
425 2903 556 2967 laetiori
574 2915 608 2967 ts
626 2905 707 2968 velle
725 2904 863 2981 involvi,
890 2924 960 2968 essa
980 2915 1013 2968 te
1031 2903 1156 2967 alienis·

141 3005 268 3081 simum,
300 3015 333 3068 et
363 3024 487 3087 semper
516 3005 677 3082 laturum,
709 3006 876 3073 adhortare
907 3006 1032 3070 adhoc
1060 3005 1155 3068 etiam

136 3105 256 3167 amicos
276 3105 377 3185 (quod
396 3103 506 3182 jactas)
532 3125 743 3190 quoscunque
758 3116 867 3189 potes,
884 3117 921 3169 ut
933 3106 1018 3169 idem
1029 3104 1155 3169 iaciant.

135 3207 218 3267 *Non
239 3201 363 3266 deficiat
389 3202 424 3265 in
444 3215 476 3268 te
503 3205 646 3287 spiritus,
677 3218 714 3270 ut
736 3218 891 3289 perpetuo
923 3207 1082 3290 imponas,
1099 3224 1155 3287 „se-

136 3306 238 3369 ducas
258 3314 290 3367 et
307 3303 441 3367 scribas:
465 3307 722 3389 quandoquidem
736 3310 797 3372 buc
817 3309 955 3372 amentis
967 3301 1155 3389 promovisti

139 3408 250 3480 semel,
285 3415 321 3467 ut
349 3425 421 3487 spes
453 3408 533 3469 ultra
558 3410 642 3470 nulla
672 3409 728 3484 sit3
763 3430 831 3473 arna
860 3409 1032 3472 libertatem
1052 3405 1153 3468 tuaml

140 3509 210 3572 Nos
230 3505 349 3571 Christi
368 3507 500 3582 erimus,
520 3519 553 3569 et
569 3508 609 3570 ab
625 3510 803 3592 Evangelio
821 3509 1036 3591 pendebimus.

211 3611 408 3673 Erasmus.
445 3609 518 3690 Ego
536 3606 634 3671 video
654 3613 768 3674 multos
787 3612 917 3673 antehac
935 3610 1078 3670 Luthero
1096 3605 1153 3668 de·

137 3710 307 3774 ditissimos
334 3731 424 3773 nunc
446 3708 558 3792 partim
596 3731 750 3786 mussare,
784 3731 869 3774 nunc
894 3709 1007 3791 partim
1036 3706 1153 3769 taedere

138 3809 313 3872 Lutlmrani
333 3809 483 3887 nominis,
506 3830 631 3873 rursum
644 3811 806 3887 damnare,
820 3812 915 3894 'quod
928 3807 1153 3892 approbabant.

213 3910 321 3974 Otto.
359 3914 432 3976 Hoc
458 3912 640 3994 praedictum
674 3909 857 3993 jamdudum
884 3933 902 3976 a
933 3923 1066 3979 Christo·
1084 3916 1153 3968 est!

138 4008 288 4086 futuros,
314 4010 370 4093 qui
381 4024 463 4090 «post
481 4013 624 4077 Satanan
641 4012 725 4076 ituri·
735 4024 856 4090 essent,
883 4024 916 4076 et
934 4014 1049 4097 quibus
1069 4008 1153 4072 odor

139 4110 250 4174 mortis
282 4110 316 4171 in
347 4123 480 4176 mortem
509 4126 593 4177 esset
619 4112 845 4195 Evangelium,
873 4113 948 4198 quia
972 4110 1153 4177 multisunt

138 4211 260 4287 vocati,
291 4211 384 4292 pauci
413 4232 492 4275 vero
525 4215 627 4279 electi.
676 4212 729 4276 Sic
755 4200 906 4298 repurgat
933 4234 1037 4278 aream
1064 4228 1153 4274 suam

135 4311 296 4389 Christus,
317 4323 350 4374 et
369 4323 492 4396 separat
510 4314 647 4379 triticum
662 4314 703 4378 ab
717 4315 857 4393 horrico,
875 4336 976 4406 agnos
992 4314 1031 4377 ab
1043 4309 1152 4385 hoedn,

134 4413 236 4499 pisces
268 4413 372 4480 bonos
402 4418 541 4493 amalis,
574 4416 694 4480 electos
708 4416 939 4509 ,adamastin
971 4426 1005 4480 st
1020 4413 1153 4486 >beatum
