2618 5108
85 63 558 262 ,mm-'r'u-
601 241 620 251 ο
779 241 821 251 vs·

296 728 478 809 adversus,
491 710 919 837 adspergines2Hutleni.
1049 722 1121 815 42]

91 918 131 982 Isi
145 921 405 1004 :quiri-:essetne
428 920 525 993 rebus
555 918 747 1000 capsiana,
778 921 941 996 parabam,
971 925 1010 989 ut
1024 916 1122 997 seirat

103 1021 301 1102 Episcopus,
329 1022 574 1104 quatientem,
601 1021 727 1085 bacilli
746 1021 818 1085 lore
838 1019 1022 1104 gratissima.
1059 1015 1119 1097 His

102 1120 209 1203 itaque
226 1122 343 1194 literis,
364 1121 696 1204 quibusestoffensus
709 1122 882 1196 taurianas,
904 1119 1119 1203 significabarn

100 1222 164 1296 illi,
189 1221 277 1283 etin
307 1243 372 1304 quo¹
400 1222 542 1300 periculo
570 1221 873 1302 luissetilapnion,
903 1232 936 1282 et
965 1221 998 1281 in
1024 1238 1119 1301 quam

100 1323 269 1404 tranquilo
284 1333 364 1385 statu
384 1343 467 1393 nune
486 1332 579 1385 esset.
599 1322 703 1387 lum
718 1323 764 1387 uti
780 1322 887 1398 sciret,
909 1343 975 1406 qno
994 1321 1118 1383 mitten·

102 1423 297 1496 (irrorasset,
326 1421 353 1485 si
381 1422 458 1504 quial
485 1422 524 1483 ad
552 1420 642 1482 illum·
663 1424 757 1509 vellet
785 1422 919 1491 mittere.
960 1422 1118 1487 Caeterum

102 1523 143 1584 ‹le
164 1523 301 1601 perfidia
319 1522 449 1587 erimine
465 1522 508 1585 illi
527 1520 750 1603 impingendo,
775 1544 817 1585 ne
836 1522 1025 1587 somniatum
1045 1521 1117 1605 qui·

99 1623 173 1684 dom
193 1632 241 1685 est
261 1643 411 1705 unquam.
454 1623 569 1703 Neque
588 1621 670 1684 enim
688 1621 796 1687 fallere
815 1643 939 1703 semper
957 1634 1005 1686 est
1022 1624 1118 1703 perli-

99 1722 176 1797 dia,
196 1725 254 1785 sed
272 1723 397 1785 fallebat
416 1722 599 1796 etiamilla,
624 1721 681 1804 qui
701 1723 792 1785 amici
810 1722 991 1806 agrotantis
1011 1723 1115 1785 corvi-

99 1822 157 1889 nati
177 1826 255 1886 clam
274 1824 441 1905 supposuit
454 1843 585 1896 aarum,
629 1823 671 1883 Et
689 1823 765 1886 lallit
783 1822 916 1898 amicus,
950 1821 1007 1905 qui
1026 1822 1117 1897 inert-

98 1934 240 2003 pectatus
275 1923 419 2013 obrepia
462 1924 558 2004 Quod
582 1922 609 1989 si
633 1925 802 1987 voluissem
829 1925 914 1989 illum
934 1924 1114 1987 insimulare

99 2023 256 2105 perfidia,
276 2045 341 2086 non
362 2022 561 2103 adjecissem:
580 2035 703 2089 mutato·
718 2025 862 2089 consilio.
882 2027 1015 2107 ,Neque
1034 2045 1114 2087 vera

97 2124 199 2187 statim
221 2124 360 2203 pertidus
380 2135 444 2199 est,
463 2124 519 2207 qui
539 2136 635 2187 mutat
653 2125 835 2202 consilium,
855 2123 1115 2207 quandoquidem

84 2226 159 2287 buc
178 2245 261 2305 saepo
280 2224 366 2306 cogit
384 2225 570 2300 necessitas,
602 2226 839 2306 separationes
869 2223 1044 2304 ejusmodi,
1077 2233 1114 2287 ut

95 2324 224 2389 stultitia
251 2323 292 2387 sit
317 2345 383 2386 non
411 2337 542 2389 mutare.
591 2325 722 2389 Frustra
741 2327 837 2409 igitur
855 2325 905 2388 hic
924 2325 1031 2388 verbis
1050 2336 1113 2403 tra,-

95 2425 174 2507 gicis
197 2425 229 2486 in
248 2448 298 2488 me
318 2427 447 2487 detonat
460 2428 635 2500 Huttenus,
655 2447 727 2488 oum
747 2427 834 2509 quod
854 2425 998 2499 assumit,
1019 2426 1113 2489 etiam

93 2546 145 2589 me
165 2548 231 2587 non
250 2527 414 2589 refellente
433 2525 629 2588 falsissimum
648 2525 699 2589 sit.
749 2524 827 2605 Quis
848 2537 952 2588 autem
970 2546 1112 2609 unquam

88 2630 176 2695 bunc
203 2629 308 2689 looum
334 2625 380 2690 sic
407 2626 627 2707 interpretatus
646 2637 712 2700 est,
741 2638 854 2708 praeter
879 2648 977 2688 unum
996 2628 1111 2687 Hutte·

92 2727 191 2791 num?
218 2727 316 2806 Quod
333 2726 361 2790 si
383 2727 461 2809 quid
479 2728 540 2787 tale
559 2725 763 2806 cogitassem,
783 2727 845 2789 boo
865 2726 1013 2789 videlicet
1031 2724 1109 2788 sori·

92 2827 203 2889 berem
232 2826 276 2889 illi
303 2826 394 2900 viro,
430 2846 495 2908 quo
521 2826 641 2887 nullum
670 2825 803 2890 habebat
836 2825 1029 2905 Reuelilirrus
1055 2824 1115 2899 sui(

92 2925 321 2989 amantiorem?
362 2926 456 2997 Erlita
482 2935 530 2987 est
553 2925 684 3004 epistola
714 2927 890 2991 Reuehlino
922 2926 1015 3000 viro,
1045 2923 1107 2989 'sed

90 3026 204 3099 morti,
237 3025 354 3107 inquit,
384 3023 503 3087 vicino.
542 3025 605 3104 Qui
632 3026 723 3106 potui
749 3027 908 3101 divinare,
936 3047 1030 3108 qnam
1049 3027 1105 3116 diu

90 3129 232 3188 victurus
264 3135 347 3186 esset
378 3124 593 3187 Reucblinus‘?
633 3129 705 3207 Ego
732 3139 835 3202 certe,
861 3138 896 3189 ut
915 3138 980 3189 erat
1000 3127 1106 3215 vivida

90 3236 271 3305 vegetatque
289 3234 432 3297 senecta,
453 3224 615 3302 sperabam
634 3226 719 3287 illum
732 3227 825 3290 nobis
839 3227 893 3289 diu
907 3222 1106 3315 superstitem

90 3327 233 3389 futurum
263 3336 358 3404 atque
383 3322 501 3384 utinam
529 3329 632 3387 esset!
670 3327 838 3389 Mortuum
867 3327 1031 3408 apotheosi
1054 3324 1105 3409 ju-

87 3425 226 3493 mentulis
245 3424 408 3487 affectibus
427 3424 661 3499 commendavi,
690 3439 722 3486 et
741 3428 896 3489 morituro
928 3425 1013 3487 volni
1033 3446 1104 3506 per·

87 3529 169 3594 lidiae
188 3539 293 3590 notam
309 3526 455 3599 inurere,
470 3525 550 3587 ‚nihil
567 3524 686 3588 veritus
705 3525 785 3589 illius
798 3525 1103 3605 expostulationem?

87 3631 149 3692 llic
181 3631 341 3691 Huttenus
383 3623 519 3707 requirit
548 3636 660 3700 testes,
712 3637 854 3701 autores,
888 3624 1101 3709 probationes,

84 3729 224 3794 breviter
251 3748 377 3791 omnem
404 3724 568 3806 strepitum
593 3724 805 3789 tribunalium.
854 3727 932 3789 Jure
951 3723 1101 3817 requirat,

85 3830 113 3895 si
135 3829 275 3891 deseram
295 3827 441 3889 amioum.
477 3826 569 3887 Nunc
588 3824 663 3887 nihil
684 3826 795 3887 minus.
832 3825 893 3887 Rei
913 3837 1007 3903 gastae
1028 3827 1101 3889 sim·

83 3934 160 4013 plex
179 3939 210 3990 et
229 3930 325 3988 amica
345 3926 481 3989 narratio
501 3937 562 4001 est,
597 3925 630 3988 in
650 3947 715 4007 quo
740 3947 805 3987 non
830 3947 949 3987 sumam
968 3929 1099 3989 multum

84 4052 206 4112 operae,
235 4048 306 4089 cum
331 4026 399 4106 ipsa
428 4046 478 4089 res
506 4046 563 4107 per
588 4045 622 4086 se
649 4026 776 4108 liqueat.
814 4026 920 4106 Atque
948 4027 998 4089 hio
1024 4006 1098 4088 mihi
1170 4072 1172 4077 ,

82 4134 242 4195 Huttenus
260 4125 402 4189 confictis
422 4125 584 4189 autoribus
606 4136 737 4187 conatur
756 4124 967 4205 suspicionem
986 4125 1099 4206 impin·

81 4252 178 4318 gere,
211 4229 301 4312 quasi
329 4248 396 4291 non
426 4227 602 4307 acceperim
624 4226 686 4287 hoe
714 4247 754 4288 ex
780 4223 865 4300 aliis,
896 4224 953 4287 sed
979 4246 1021 4286 ex
1046 4244 1096 4287 me

74 4330 309 4407 nominarim,
329 4348 397 4414 quo
413 4329 516 4409 labem
535 4316 742 4432 aspergerem'
754 4323 942 4423 Reueblino.
979 4326 1095 4406 Quaeso
