2618 5108
304 94 782 292 law-‘¹
824 260 843 272 θ

385 570 390 583 “
420 586 429 645 t

417 788 650 876 ,Praenes
696 790 884 896 Dictoque
1101 728 1208 889 ,tut

146 1010 150 1015 ·
552 981 790 1052 Mercator.

223 1079 352 1147 Miro.

551 1208 770 1273 Huttenus.
1198 1233 1203 1242 ·

223 1303 329 1386 Igitur
344 1324 413 1367 non
431 1307 700 1390 quemadmodum
718 1320 790 1372 ante
820 1308 988 1392 peamaiam
1004 1312 1175 1389 admiratis,

144 1406 305 1469 uturum
331 1407 434 1470 omnis
461 1409 588 1489 generis
612 1409 867 1488 incitamentum,
894 1431 1004 1495 neque
1026 1430 1176 1494 ςσπιιιιοι,

149 1516 202 1569 aut
216 1517 342 1584 restes,
362 1509 566 1573 vanissimum
584 1511 752 1572 oculorum
769 1526 910 1591 pastum,
929 1510 1085 1592 suspicis?

546 1648 767 1714 Mercator.

220 1746 326 1813 Etiam
346 1765 529 1814 contemno.

529 1874 796 1944 Franciseus.

220 1974 302 2041 suis
324 1974 441 2041 nobilia
461 1996 515 2056 es,
533 1974 562 2043 si
581 1979 649 2041 tatis
669 2001 740 2043 esse
758 1981 879 2065 pergis.

556 2118 775 2184 Huttenus.

224 2217 280 2281 Ob
302 2216 403 2303 idque
419 2217 510 2282 vides
532 2218 626 2300 pejus
652 2220 819 2284 instituere
844 2220 941 2286 vitam
972 2238 1051 2298 uos,
1081 2226 1178 2306 qm

143 2314 180 2381 in
195 2327 312 2380 nostro
334 2317 438 2400 agitur
469 2319 599 2396 ordine,
634 2344 730 2405 quern
754 2331 790 2384 tu
819 2322 994 2388 maledictis
1018 2324 1176 2452 insectans

142 2419 264 2497 modo,
284 2419 491 2482 deterrimum
509 2420 659 2485 faciebas.

552 2545 771 2610 Mercator.
1133 2538 1168 2569 '¹'

219 2644 374 2707 Nondum
403 2641 476 2709 satis
502 2645 614 2722 vide03
649 2671 722 2713 nam
751 2660 787 2712 ut
823 2670 891 2733 quae
922 2646 1066 2725 dixistis,
1100 2644 1178 2712 retu

143 2744 250 2809 omnia
269 2744 349 2822 sint,
369 2763 402 2809 et
422 2745 456 2808 in
475 2768 535 2811 nos
555 2762 642 2813 reete
661 2750 876 2826 conveniant,
896 2760 1002 2811 tamen
1021 2758 1053 2811 et
1071 2758 1178 2810 restra

138 2846 240 2911 uobis
267 2847 347 2911 vitia
373 2858 463 2924 sunt,
492 2869 560 2913 nou
578 2849 731 2915 inferiora
750 2850 816 2927 uis,
848 2870 989 2935 qucum
1007 2868 1075 2913 non
1093 2848 1178 2923 urrtta

140 2947 309 3015 amant
298 2970 335 3011 ιιι
351 2949 538 3013 memoriam
556 2952 684 3015 tandem
702 2950 795 3029 mihi,
815 2953 1045 3033 delapsurus.
1139 2992 1162 3023 .·.

533 3075 792 3140 Franciseus.

219 3174 290 3239 Dic
308 3197 385 3259 age,
408 3176 563 3262 quiequid
574 3186 650 3256 est,
653 3178 765 3271 quod
785 3176 952 3242 succurrit.

548 3317 769 3383 Mercator.

222 3416 367 3481 Primum
386 3416 456 3481 sera
477 3420 639 3501 quaedam,
670 3433 702 3483 et
732 3412 956 3501 asperatvobis
986 3426 1097 3477 natura
1116 3416 1176 3513 est,

140 3539 252 3605 neque
271 3518 511 3598 humanitatem,
539 3534 574 3587 ut
606 3521 639 3585 iu
658 3521 792 3585 urbibus
814 3522 866 3594 iit,
900 3515 1012 3579 colitis.
1050 3510 1179 3576 Deinde

143 3621 236 3705 quod
256 3641 273 3682 a
292 3632 349 3683 tuo
372 3622 446 3684 otim
466 3623 616 3707 magistro
639 3625 780 3685 Huttene
801 3617 911 3682 audire
930 3612 1074 3690 memini,
1095 3612 1178 3675 duo-

143 3721 205 3785 bus
226 3721 431 3801 peculiariter
450 3723 534 3789 vitiis
555 3726 676 3787 laborat
694 3723 841 3784 nobilitas
862 3721 1034 3793 Germana,
1055 3726 1178 3796 Super.

146 3831 201 3890 bia
228 3834 262 3884 et
282 3835 479 3909 Ignorantia
488 3856 504 3899 ;
532 3828 591 3889 hac
609 3845 644 3888 se
664 3825 763 3907 ipsam
777 3822 918 3908 ignorat,
940 3821 990 3880 illa
1004 3814 1178 3879 contemnit
1261 3881 1263 3887 ,

144 3925 234 3989 atior.
284 3926 401 4007 Neque
430 3925 501 3990 sere
530 3947 666 4010 usquam
694 3923 838 4008 gentium
862 3918 1089 4003 reperiuntur,
1121 3913 1178 3997 qui

143 4027 254 4090 verbis
295 4027 490 4090 nobilitatem
520 4027 620 4110 magis
656 4025 794 4108 jactent,
838 4044 910 4085 eum
940 4042 976 4083 re
1011 4019 1077 4099 ipsa
1111 4038 1177 4077 nou

143 4126 281 4209 perinde
302 4128 482 4191 exhibeant.
520 4127 633 4212 ltaque
652 4126 839 4209 imaginibus
852 4144 978 4205 semper
991 4121 1089 4202 plena
1103 4126 1177 4180 sunt

143 4230 263 4292 domus
282 4241 412 4305 vestrm,
445 4249 623 4312 omnesque
653 4227 841 4302 inscribitis,
875 4241 1071 4307 quoeunque
1104 4236 1177 4309 per·

142 4329 319 4407 veneritis,
346 4331 500 4412 parietes,
531 4330 632 4392 bonas
657 4349 736 4391 vero
769 4337 853 4389 artes
880 4327 987 4387 coiere
1014 4343 1074 4383 uos
1092 4318 1178 4382 ltaud

144 4432 283 4496 nultum
301 4429 410 4496 rideo.
461 4430 611 4516 Cumque
630 4429 759 4514 generis
781 4424 1008 4509 praerogativa,
1040 4431 1073 4485 et
1091 4417 1177 4483 inani
