2618 5108
160 849 210 919 tu
386 840 429 915 In
453 842 658 914 Luthernm
682 839 788 913 Bulla
808 840 958 915 Leonis.

161 1038 217 1104 Ad
235 1035 428 1119 majorem)
447 1048 599 1116 preterea
616 1035 694 1098 dieti
712 1031 861 1108 Martini,
891 1053 1091 1115 suorumque
1112 1054 1199 1095 cnm·

161 1139 295 1220 plicnm,
316 1136 479 1202 lautorum
500 1148 532 1199 et
551 1135 794 1211 adherentium,
812 1156 851 1199 ac
867 1146 1102 1216 receptatorurn
1120 1155 1199 1216 prm

162 1241 322 1306 dictorum
342 1240 387 1301 sic
405 1250 478 1318 post
505 1240 627 1318 lapsum
646 1236 772 1301 termini
794 1236 935 1318 praedicti
964 1235 1200 1299 declaraturum

160 1342 382 1405 hereticorum
389 1353 424 1403 et
440 1340 723 1405 condemnatorum
736 1337 979 1414 confusionem,
993 1337 1020 1412 b)
1040 1337 1199 1400 universis

162 1453 196 1504 et
214 1440 347 1524 singulis
368 1443 536 1524 utriusque
562 1463 659 1506 sexus
682 1430 968 1515 christifidelibus,
995 1435 1199 1512 Patriarchis,

161 1542 439 1626 archiepiscopis,
468 1541 655 1625 Episcopus,
685 1539 955 1624 patriarchalium,
982 1537 1200 1621 metropolita·

162 1668 294 1722 aarum,
319 1657 351 1708 et
371 1645 501 1710 aliarum
520 1646 761 1719 cathedralium,
793 1642 1029 1720 collegiatarum
1057 1660 1094 1702 ac
1114 1638 1199 1703 inie-

163 1746 286 1810 riorum
301 1746 504 1810 ecclesiarum
521 1745 679 1823 Prelatis,
702 1742 879 1826 Capitulis,
898 1741 1032 1824 aliisque
1050 1740 1197 1822 personis

163 1848 404 1923 ecclesiasticis,
423 1847 640 1924 saecularibus,
662 1864 698 1911 et
716 1842 903 1930 quorumvis
918 1843 1082 1920 ordinum,
1102 1842 1199 1906 etiam

161 1948 434 2024 Mendicantinm,
473 1946 658 2030 (prasertim
684 1949 755 2029 ejus
795 1941 1070 2029 congregationis,
1103 1942 1195 2026 cnjus

120 2093 121 2097 ,
161 2049 265 2113 dictus
285 2050 444 2113 Martinus
464 2060 511 2113 eat
530 2046 711 2131 protessus,
732 2061 765 2112 et
785 2051 818 2111 in
839 2067 902 2131 qua
921 2045 1037 2126 degere
1056 2046 1108 2110 vel
1128 2067 1197 2111 mo·

137 2148 226 2213 rari
254 2150 384 2223 dicitur)
410 2150 629 2233 regularibus,
659 2150 832 2231 exemptis,
872 2159 904 2211 et
933 2169 1001 2211 non
1027 2146 1195 2228 exemptis,

160 2269 222 2313 nec
248 2269 317 2312 non
339 2250 497 2314 universis
518 2262 550 2313 et
578 2252 712 2334 singulis
740 2247 958 2330 Principibus,
986 2269 1191 2332 quacunque,

162 2349 374 2413 ecclesiastica
392 2353 442 2412 vel
460 2353 618 2414 mundana
634 2353 830 2436 fulgentibus
841 2350 1013 2434 dignitate,
1034 2349 1192 2431 Regibus,

159 2448 428 2531 Imperatoribns,
467 2453 692 2529 Electoribns‚
732 2453 895 2528 Ducibus,
939 2451 1192 2544 Marabiorsibus,

161 2547 357 2627 Comitibus,
378 2554 576 2631 Beronibus,
605 2555 804 2637 capitaneis,
834 2553 1102 2627 conductoribus,
1134 2553 1195 2618 du·

159 2648 309 2729 misellis,
330 2655 626 2732 communitatibus,
658 2655 936 2730 universitatibus,
966 2653 1193 2738 potentatibus,

159 2749 354 2830 civitatibus,
384 2755 497 2832 terris,
526 2757 635 2819 castris
664 2768 696 2819 et
724 2756 821 2831 locis,
850 2776 1047 2819 aeneorum
1075 2755 1195 2818 habita·

158 2851 301 2931 toribus,
322 2852 447 2917 civibus
467 2868 500 2917 et
519 2855 649 2934 incolis,
684 2857 899 2940 omnibusque
921 2857 987 2919 aliis
1009 2867 1043 2918 et
1059 2856 1193 2940 singulis

157 2955 347 3034 supradictis
379 2977 438 3036 per
463 2957 650 3022 universum
681 2959 792 3020 orbem
818 2958 993 3041 praesertim
1019 2957 1050 3019 in
1082 2958 1194 3020 eadem

157 3054 343 3117 Alemannis
358 3057 561 3132 constitutis,
573 3061 775 3134 mandamus,
797 3071 953 3143 quatenus
964 3059 1024 3120 sub
1035 3055 1193 3139 predictis

157 3154 306 3217 omnibus
325 3168 359 3217 et
378 3157 511 3241 singulis
530 3160 632 3240 poenis
645 3160 690 3237 ο),
722 3160 804 3241 ipsi,
835 3162 887 3221 vel
913 3180 1027 3222 eornm
1059 3159 1194 3243 quilibet

154 3254 320 3335 praefatum
340 3258 536 3337 iliartinum,
555 3260 742 3341 complices,
771 3262 984 3338 adhaerentes,
1013 3273 1192 3345 receptato-

154 3375 223 3433 res,
253 3368 286 3419 et
319 3356 461 3420 fautores
489 3361 700 3440 personaliter
733 3361 914 3444 capiente),
946 3375 980 3426 ot
1008 3376 1118 3446 captos
1149 3365 1191 3430 ad

154 3465 296 3519 noemam
315 3456 492 3522 instantiam
510 3451 685 3539 retineant,
713 3465 805 3526 etad
825 3486 884 3529 nos
904 3464 1043 3539 mittant;
1078 3488 1192 3548 repor-

153 3556 250 3620 taturi
277 3580 338 3639 pro
373 3571 436 3624 tam
470 3562 559 3628 bono
587 3585 686 3648 opere
712 3567 843 3630 anobis
869 3577 902 3632 et
919 3567 999 3633 sede
1017 3569 1192 3652 apostolica
1223 3583 1224 3586 ’

160 3729 391 3751 m-

188 3856 217 3932 a)
235 3861 401 3920 Brachium
419 3870 564 3924 aestuare
582 3872 726 3927 excitabit
741 3872 793 3927 hic
814 3873 939 3942 rugitus.
1054 3898 1057 3902 ⁸

187 3971 219 4042 u)
239 3974 470 4032 Contundantur
492 3995 599 4035 omncs
619 3981 720 4053 iniquo
748 3991 869 4051 agentes
890 3998 1090 4055 supervacue.

188 4080 215 4157 c)
233 4087 308 4142 Vide
320 4086 478 4157 quomodo
490 4086 664 4145 Ecclesiam
683 4109 745 4146 non
763 4109 868 4148 amore
883 4103 916 4148 ut
929 4093 1068 4150 Christus
1081 4094 1191 4163 societ,

223 4172 277 4226 sed
291 4171 319 4225 vi
333 4187 368 4225 ac
388 4180 508 4228 terrore
517 4213 528 4243 ,
548 4187 580 4228 ut
592 4176 727 4247 tyranni,
750 4187 848 4247 cogat.
886 4177 963 4254 Quis
983 4180 1080 4234 t'crrct
1097 4179 1190 4235 talem

224 4257 403 4329 pastorem?
606 4268 608 4273 '

190 4365 222 4436 t)
240 4364 335 4420 Nunc
356 4367 475 4421 tandem
501 4368 682 4438 expediebat
701 4373 803 4443 plures
823 4388 891 4429 csse
913 4374 1113 4444 Curtisaaos,
1136 4378 1188 4447 qui

224 4464 339 4510 tautum
355 4452 515 4509 hominum
538 4469 694 4524 sugerent.
