2618 5108
478 278 503 286 -
575 66 942 315 ,1.

1032 312 1106 331 ‘TO-¹

154 861 201 926 20
385 852 427 924 In
453 852 656 926 Lutherum
681 856 785 928 Bolia
808 858 958 933 Leonis.

153 1047 292 1113 ecclesio
322 1055 376 1108 aut
402 1044 496 1127 Papoe
524 1065 656 1126 prorsus
683 1067 750 1109 non
777 1069 849 1113 esse
870 1063 1009 1116 statuere
1036 1059 1186 1120 articulos

73 1223 77 1230 ι
153 1149 245 1225 fidei,
279 1148 342 1211 imo
366 1167 428 1208 nec
461 1149 547 1230 leges
572 1166 714 1223 morum,
746 1170 804 1212 seu
844 1151 1005 1216 bonorum
1038 1175 1184 1235 operum.

151 1250 184 1314 Si
204 1251 290 1329 Papa
317 1268 390 1310 cum
410 1268 519 1326 magna
538 1259 627 1327 parte
654 1250 794 1313 ecclesie
819 1253 865 1314 sie
891 1257 942 1315 vel
971 1255 1016 1316 sic
1041 1243 1182 1334 sentiret,

150 1370 212 1413 nee
231 1351 326 1414 etiam
343 1360 481 1424 erraret,
509 1350 611 1412 atlhuc
630 1370 696 1411 non
718 1364 766 1412 est
789 1365 953 1430 peecatum
973 1366 1027 1416 aut
1056 1358 1183 1423 heresis

148 1450 344 1515 contrarium
362 1450 500 1525 sentire,
530 1452 703 1532 praesertim
728 1451 760 1512 in
786 1475 822 1514 re
849 1474 917 1514 non
944 1459 1122 1520 necessaria
1142 1460 1184 1521 ati

146 1554 296 1617 salutem:
329 1552 434 1615 donec
454 1551 554 1614 luerit
573 1573 632 1632 per
657 1551 828 1615 concilium
847 1552 1028 1620 universale
1049 1561 1183 1624 alterum

146 1653 368 1736 reprobatum,
405 1654 537 1714 alterum
562 1651 772 1733 approbatum
784 1656 824 1728 ι).
876 1653 939 1716 Via
970 1651 1072 1721 nobis*
1096 1659 1182 1724 iacta

146 1768 195 1822 est
214 1753 382 1818 enarrandi
398 1752 617 1815 authoritatem
637 1752 863 1829 conciliorum,
883 1767 915 1816 et
933 1756 1033 1819 iibere
1053 1771 1181 1823 contra·

146 1855 276 1923 tlieendi
303 1875 416 1918 eorum
442 1853 559 1937 gestis,
588 1865 621 1915 et
649 1852 811 1931 judicandi
836 1876 950 1920 eorum
975 1860 1118 1936 decreta,
1147 1872 1181 1924 et

145 1957 345 2021 confidenter
382 1952 557 2017 confitendi
588 1953 748 2038 quidquid
779 1976 891 2020 rerum
921 1959 1068 2033 videtur,
1109 1962 1180 2025 sive

145 2058 314 2142 probatum
343 2055 459 2130 luerit,
494 2055 563 2118 sive
599 2048 805 2138 reprobatum
830 2077 847 2121 a
873 2081 1070 2144 quocunque
1099 2082 1178 2125 con·

143 2150 216 2224 cilio
230 2159 268 2235 t).
306 2156 419 2240 Aliqui
437 2157 557 2218 articuli
568 2156 709 2221 loannes
725 2159 808 2222 Huis
829 2160 1031 2225 condemnati
1051 2161 1084 2225 in
1099 2184 1178 2225 eon-

143 2259 220 2325 cilio
244 2256 483 2323 constantiensi
508 2268 582 2319 sunt
608 2255 884 2336 Christianissimi,
924 2262 1099 2339 verissimi,
1144 2276 1177 2327 et

108 2395 112 2404 ·
142 2357 340 2444 evangelici,
361 2379 445 2443 quos
461 2378 522 2420 nec
534 2357 721 2422 universalis
735 2360 867 2423 ecclesia
886 2374 997 2442 posset
1015 2363 1175 2427 damnare.

140 2463 179 2526 ln
199 2461 286 2525 omni
305 2480 406 2544 opere
426 2460 515 2522 bono
529 2459 631 2539 justus
647 2471 769 2542 peccat.
810 2462 901 2543 Opus
917 2464 1038 2528 bonum
1055 2463 1174 2553 optime

138 2565 256 2628 laetum
289 2572 338 2626 est
367 2560 491 2624 veniale
524 2572 699 2643 peccatum.
744 2560 920 2623 Heretieos
948 2564 1094 2627 comburi
1125 2575 1175 2627 est

137 2676 249 2732 eontra
267 2664 463 2728 voluntatem
481 2660 611 2744 spiritus
624 2662 661 2738 e).
700 2662 841 2737 Proeiiari
863 2663 1016 2727 adversus
1037 2666 1172 2741 'l'urcas,

205 2911 299 2958 ratur.
336 2899 447 2972 Neque
471 2899 673 2974 Aequstinus
702 2911 835 2955 mentem
865 2900 1058 2956 sacerdotum
1090 2918 1169 2971 esse,

206 2984 327 3059 quando
347 2985 489 3057 scripsit,
516 3001 579 3039 non
606 3000 697 3054 super
714 2984 862 3054 Petrum,
891 2986 945 3040 sed
963 3002 1056 3056 super
1081 2987 1172 3042 Chri.

204 3081 285 3126 stum
305 3068 478 3125 edificatam
498 3069 672 3124 ecclesiam.
718 3068 820 3124 Porro
840 3071 996 3143 Origenes
1014 3069 1120 3138 Beda,
1140 3084 1170 3126 et

205 3156 369 3228 conplures
389 3155 457 3223 alii,
475 3163 507 3208 ut
523 3153 694 3209 hallucinati
713 3162 782 3207 sunt
799 3153 874 3209 hic?
900 3153 1036 3210 Proinde
1054 3157 1167 3210 summi

199 3240 361 3301 Euntilicis
388 3240 495 3313 (super
522 3257 583 3311 quo
613 3241 756 3296 fundatur
775 3237 921 3307 ecclesia)
946 3247 1025 3306 est,·
1047 3255 1167 3296 sacram

201 3335 384 3408 scripturam
403 3334 438 3388 ad
462 3349 551 3388 suum
571 3330 709 3401 libitu'm,
736 3322 882 3404 suamque
901 3330 1057 3387 libidinem
1076 3331 1167 3387 inter.

199 3420 323 3493 pretari.
373 3419 434 3493 Qui
455 3428 562 3474 contra
579 3419 709 3485 dixerit,
734 3417 896 3471 haereticus
916 3427 979 3470 esto
991 3457 1002 3486 ,
1034 3428 1063 3478 et
1085 3417 1164 3471 iilius

200 3506 355 3575 Sathauae,
386 3505 545 3576 statimque
572 3502 780 3558 comburitot·!
802 3502 882 3556 Nem
902 3501 954 3555 hic
972 3513 1078 3557 noster
1096 3503 1163 3557 Leo

199 3593 297 3646 iactus
324 3599 392 3659 est,
422 3599 451 3643 et
483 3589 586 3643 didicit
612 3605 722 3660 capere
751 3586 904 3659 praedam,
945 3587 1163 3658 hominemque

197 3675 374 3731 comedere.
906 3673 910 3682 '

163 3766 194 3838 a)
211 3768 327 3824 Lector
347 3767 444 3839 ipsum
470 3767 521 3822 hic
540 3766 711 3822 Lutherum
731 3764 848 3835 audiat,
880 3781 948 3818 rem
966 3764 1048 3818 hanc
1067 3763 1162 3818 disse.

196 3862 315 3909 rentem
326 3872 337 3922 3
356 3870 418 3906 nen
438 3861 524 3906 curet
543 3850 737 3922 deceptores.

157 3942 192 4018 lt)
209 3947 320 4018 Neque
338 3963 400 4000 non
421 3945 545 4000 esthoc
575 3959 701 4010 verum,
733 3949 782 3995 aut
810 3940 896 3995 solus
924 3941 987 3996 hoc
1006 3939 1160 3995 Lutherus

193 4031 304 4098 sentit,
340 4032 395 4087 sed
422 4029 553 4102 optimus
579 4027 707 4099 quisque
744 4023 795 4080 hie
822 4025 943 4097 probat.
986 4024 1086 4080 Etiam
1116 4033 1159 4091 tu,

193 4118 274 4188 quod
292 4118 375 4185 scis,
401 4113 660 4188 probares'muita
680 4113 745 4180 ejus
765 4112 838 4180 viri,
865 4111 971 4165 acillos
989 4110 1076 4163 valde
1106 4110 1157 4162 de.

191 4202 344 4268 tentareris
355 4201 432 4255 male
447 4208 573 4253 coactos
592 4197 754 4265 articulos,
773 4197 810 4264 si,
830 4196 922 4267 quite
934 4211 1016 4249 nunc
1034 4193 1157 4260 demen.

190 4288 238 4343 dat
257 4287 407 4352 morbus,
424 4285 473 4337 vel
495 4283 531 4336 ad
550 4292 668 4354 tempus
687 4283 853 4337 desereret.

155 4381 184 4450 e)
204 4381 373 4437 Haereticos
400 4375 553 4431 comburi.
591 4376 635 4429 ita
661 4375 889 4440 existimamus,
906 4388 969 4426 non
989 4370 1083 4426 licere
1101 4368 1155 4423 tibi

188 4478 360 4541 quenquam
372 4461 561 4528 interficere,
579 4461 691 4514 nedum
705 4459 884 4513 haereticum
897 4478 907 4527 3
927 4474 1019 4529 quem
1031 4455 1068 4510 ab
1088 4455 1153 4524 ipso

182 4546 318 4624 primum
339 4546 481 4616 Christo,
510 4544 617 4601 deiude
637 4562 654 4599 a
671 4544 767 4608 Paulo
788 4559 912 4616 quoque
926 4543 1029 4613 jussus
1053 4555 1107 4604 es,
1128 4546 1153 4591 st
