2618 5108
184 836 273 919 tu
579 839 655 914 Uir.
689 836 844 914 Hutteni

201 1035 242 1094 Et
261 1052 365 1092 curam
386 1039 450 1090 esse'
472 1035 545 1104 tibi,
566 1053 631 1112 quae
650 1028 842 1089 nestucatur
860 1028 897 1088 ab
917 1029 993 1102 illie,

308 1129 464 1202 Quaeque,
483 1129 592 1198 jocum
612 1129 714 1198 leges,
733 1142 796 1181 non
814 1127 892 1182 sinat
909 1142 976 1182 esee
994 1137 1071 1183 tunt.

203 1222 272 1279 Hoc
290 1223 405 1277 discant
425 1239 548 1294 sperare
566 1222 640 1290 boni
647 1241 657 1291 3
676 1237 808 1292 quorum
826 1238 907 1276 arma
927 1224 1077 1276 ferentum

306 1317 404 1370 Miltia
425 1317 517 1370 multa
535 1316 637 1384 videt,
656 1331 722 1386 quae
741 1324 790 1368 tua
807 1315 888 1383 signa
906 1323 1019 1387 petunt.

204 1407 290 1478 Sig'na
310 1418 430 1480 petunt,
449 1419 596 1481 promptae
618 1409 718 1476 vires,
740 1399 889 1478 animique
912 1411 1004 1480 parati
1015 1462 1024 1489 ‚

304 1503 410 1558 Prote
429 1520 546 1574 proque
568 1512 619 1557 tuo
643 1502 767 1556 nominc
788 1511 898 1556 cuncta
921 1505 993 1575 pati.

202 1597 310 1651 Aunue
334 1596 508 1667 procinctis.
544 1595 631 1649 Adsit
649 1604 698 1649 tua
721 1596 785 1649 sola
807 1590 963 1663 voluntas,

308 1690 445 1744 Invenies
456 1731 466 1756 ,
490 1690 560 1760 qui,
581 1698 611 1743 tc
634 1706 724 1758 regna
743 1698 864 1755 tenere,
888 1689 988 1748 velint.

202 1783 262 1859 Qui
285 1791 333 1836 tua
354 1783 518 1851 degeneres
540 1783 635 1836 nolint
655 1783 771 1837 calcare
793 1782 926 1855 Quirites

305 1876 413 1944 Jussa,
432 1878 514 1948 quod
533 1877 593 1930 heu
617 1877 741 1930 nimium
761 1878 824 1945 jam
848 1885 975 1946 potuere
995 1873 1056 1927 diu.

202 1968 328 2024 Scilicet
349 1971 462 2025 ardenti
482 1971 637 2041 sequimur
658 1979 707 2024 tna
730 1979 827 2023 castra
846 1969 992 2034 tumultu,

304 2064 372 2122 Nec
389 2066 453 2134 jam
479 2066 605 2135 aliquid,
626 2065 680 2118 nisi
703 2072 732 2118 te
754 2062 833 2116 bella
852 2062 980 2131 jubere,
1010 2062 1104 2117 deest.

199 2155 284 2212 Bella
301 2157 377 2226 jube
386 2177 396 2226 ;
416 2161 596 2230 populisque
619 2157 711 2229 praei,
739 2155 835 2226 quite
860 2150 980 2226 auspice
1010 2160 1159 2225 pugnent,

304 2251 382 2324 Quid
405 2263 453 2306 tua
478 2261 646 2306 contrectat
664 2267 749 2304 sacra
769 2249 895 2319 profana
912 2249 1039 2302 manus?
1090 2266 1093 2268 ’

199 2341 331 2396 Sustinet
354 2342 490 2414 impuros
511 2344 640 2397 ccclesia
662 2353 740 2410 casta
766 2353 932 2412 tyrannos,

304 2436 405 2501 (Proh
427 2437 550 2504 dolori)
572 2446 659 2506 atque
681 2435 788 2506 aliquid
809 2435 936 2506 perdidit
960 2436 1007 2489 illa
1025 2440 1082 2493 sui.

197 2526 266 2582 Vim
288 2529 407 2599 patitur.
447 2531 503 2584 Fer
528 2532 637 2602 opem!
671 2529 750 2583 Nam
775 2538 849 2599 quot
874 2529 992 2598 patieris
1019 2531 1046 2585 in
1072 2550 1186 2604 annoti,

300 2621 410 2679 Pareat
432 2624 591 2677 immundis
614 2631 646 2675 ut
669 2631 719 2676 tua
740 2638 850 2692 sponsa
869 2624 999 2692 procis?

198 2715 330 2770 Classica
350 2729 551 2772 monstratum
574 2727 657 2770 vates
678 2716 756 2769 canit
781 2717 901 2770 Hessus
927 2717 955 2769 in
980 2717 1113 2775 hostem.

299 2810 430 2883 Jamque
454 2812 570 2882 aliquos
592 2825 697 2882 pugnae
717 2806 791 2863 fecit
815 2827 919 2863 amore
943 2821 1053 2870 truces.

195 2890 341 2959 Instinctu
365 2905 443 2959 canit
463 2904 512 2958 ille
534 2915 606 2958 tuo:
638 2912 670 2956 tu
689 2902 769 2971 signa
789 2904 905 2956 canenti
1016 2893 1018 2899 ¹

299 2998 348 3052 Da
369 3000 491 3054 saltem:
520 3000 647 3067 frustra,
672 2998 701 3051 ni
724 2997 824 3064 dabis,
849 2998 897 3051 illc
917 3005 1014 3052 canet.

196 3087 247 3145 Tu
266 3100 366 3144 tamen
387 3093 514 3148 audaces
541 3092 673 3164 populos
690 3092 813 3146 hortare
835 3084 971 3146 canendo

299 3186 415 3253 Hesse,
432 3202 490 3239 nec
508 3186 543 3239 ad
564 3195 661 3256 coepta
685 3185 858 3238 dimoveare
882 3185 940 3238 via.

127 3286 128 3290 ’
194 3275 286 3343 Sunt,
308 3277 416 3346 quibua
436 3278 498 3331 hoc
522 3295 599 3348 opus
626 3288 688 3346 est3
713 3293 770 3331 nos
792 3295 872 3330 arma
898 3278 1008 3346 injussa
1031 3285 1189 3332 tenemus:

297 3367 337 3422 Et
359 3378 461 3424 nostra
485 3372 520 3424 ad
540 3371 657 3425 sociam
679 3381 786 3442 sponte
806 3373 943 3425 venimus
967 3388 1068 3442 opem.

194 3461 295 3517 Clama
322 3463 413 3518 alios:
447 3481 515 3518 mea
541 3474 681 3535 prompta
702 3481 823 3519 manus:
853 3467 902 3536 qui
925 3466 988 3533 jam
1017 3465 1103 3521 irruit
1132 3466 1215 3521 hosti

298 3557 464 3624 Cominus,
484 3558 657 3614 Huttenum
681 3557 810 3611 buccina
832 3560 912 3613 nulla
933 3569 1036 3615 vocet.

192 3648 264 3704 dam
281 3651 390 3704 vulnus
418 3668 483 3704 mea
506 3651 611 3704 dextra
632 3652 710 3706 dedit
720 3672 730 3719 3
760 3652 898 3722 rupitque
917 3654 1066 3725 quietem:

296 3744 408 3812 Sensit,
445 3753 475 3797 et
499 3744 534 3798 ad
554 3753 671 3799 motum
699 3754 745 3799 est
771 3746 878 3815 pallida
898 3747 997 3801 Roma
1018 3765 1143 3804 novum.

192 3835 261 3896 Nec
275 3838 339 3906 jam
360 3837 533 3908 decipulas,
560 3838 641 3892 velut
663 3849 748 3907 ante,
780 3839 940 3893 immittere
963 3842 1064 3896 Bullas

296 3931 414 3997 Audet,
436 3932 512 3984 etin
535 3941 656 3986 nostras
672 3934 797 3986 tendere
818 3933 949 3989 divitias:

191 4021 247 4091 Et,
274 4025 355 4095 quasi
383 4024 554 4078 Vindelicus
576 4023 739 4080 Germania
760 4027 900 4080 clauserit
924 4029 1038 4099 Alpes,

295 4118 419 4172 Mittere
439 4118 560 4185 ⁴legatos
589 4118 675 4171 desiit
701 4120 749 4172 illa
772 4136 855 4174 suos.

190 4208 288 4265 Desiit
314 4211 438 4265 obtento
462 4228 569 4265 verum
589 4211 761 4267 subducere
784 4216 873 4281 fuco,

294 4303 439 4358 Venalem
457 4321 516 4357 nec
533 4306 598 4373 jam
618 4308 703 4376 ponit
714 4348 723 4374 ‚
742 4316 774 4360 ut
794 4316 879 4373 ante,
897 4306 1011 4362 Deum.

192 4397 252 4470 Ipsi
274 4398 361 4453 etiam
382 4415 436 4451 seu
459 4399 558 4452 vincla
580 4399 686 4454 timent
712 4418 779 4453 mea
809 4400 976 4467 Curtisani,

295 4493 363 4547 Sive
380 4492 475 4560 aliud,
498 4493 611 4548 multos
626 4493 691 4562 jam
712 4493 827 4548 latuere
846 4492 911 4549 diet
922 4511 944 4548 :-
