2618 5108
392 793 617 895 Praedones¹
643 792 831 894 Dialogus.
1060 801 1128 880 197
1200 838 1205 848 =

505 987 725 1050 Mercator.

94 1157 97 1161 y
182 1083 263 1149 Satis
291 1085 450 1168 gravibus.
506 1087 580 1168 Quo
612 1086 745 1170 aequiori
769 1087 894 1151 tandem
928 1086 1032 1149 animo
1063 1087 1127 1162 iio,

90 1178 183 1267 scum
200 1184 296 1247 video
318 1205 388 1248 esse
408 1179 511 1249 adhuc
524 1186 618 1263 alios,
639 1185 695 1269 qui
710 1189 779 1269 plus
794 1187 986 1250 incommodi
1000 1183 1128 1267 publico

103 1305 201 1367 quarn
219 1283 382 1365 praedones
404 1284 602 1348 Mercatores
621 1286 713 1362 dent,
735 1307 770 1348 ac
789 1289 863 1349 istos
884 1286 972 1347 venit
991 1286 1024 1346 in
1042 1305 1129 1346 men·

101 1393 167 1445 tent
197 1382 271 1445 mihi
297 1384 423 1445 laudare
451 1384 752 1464 Norimbergmses,
784 1384 840 1468 qui
864 1396 1008 1448 senatum
1035 1404 1129 1446 suum

108 1481 255 1571 eiuudunt
273 1483 482 1562 prudentibus
502 1485 566 1561 his,
596 1495 767 1566 arcentque
787 1505 804 1545 a
823 1482 956 1571 publicis
975 1504 1033 1547 eos
1051 1503 1129 1547 con·

103 1578 201 1660 siliis,
219 1592 370 1666 tanquam
388 1579 573 1646 innocentes
593 1604 663 1645 esse
684 1584 740 1666 qui
758 1595 930 1668 nequeant.

505 1715 720 1778 Huttenus.
1007 1783 1010 1789 ³

179 1813 225 1875 Et
244 1831 307 1894 ego
328 1814 455 1876 laudare
474 1815 584 1890 soleo,
615 1826 651 1876 ut
672 1813 790 1897 optime
820 1835 888 1877 rem
913 1814 1072 1897 intuentes
1091 1836 1129 1880 ac

100 1912 162 1977 ubi
193 1914 360 1974 caecutiunt
387 1913 527 1976 civitates
561 1914 644 1991 ntiae,
683 1917 768 1977 solos
798 1913 975 1993 acutissime
1003 1926 1128 1996 utentes

100 2013 218 2076 oculis.
256 2013 353 2094 Quod
372 2012 400 2074 si
419 2011 453 2074 in
471 2016 651 2095 cpcmplum
670 2015 709 2076 ab
728 2015 786 2077 illis
805 2014 926 2090 veniat,
954 2027 989 2077 ut
1007 2016 1128 2098 ubique

103 2134 165 2198 per
187 2114 388 2176 Germaniam
417 2113 530 2176 missos
557 2113 673 2176 faciant
698 2115 894 2202 advocatos,
919 2125 999 2175 eta
1022 2134 1130 2177 rerum

103 2213 328 2298 gubernaculis
343 2215 487 2296 relegant
500 2213 658 2276 indoctam
675 2215 754 2276 hanc
768 2215 959 2290 doctrinam,
968 2293 969 2297 Ἰ
979 2215 1129 2295 patrimo-

103 2314 234 2378 niorum
252 2325 435 2376 nostrorum
455 2325 575 2394 pestem
596 2313 800 2397 exitiabilem,
827 2325 941 2377 exusto
962 2313 1073 2397 etiam,
1094 2323 1131 2377 ut

109 2415 163 2479 bic
182 2416 294 2476 suadet
312 2414 517 2489 Franciscus‚
548 2433 621 2474 eum
639 2425 686 2475 tot
704 2414 932 2491 scribentibus,
960 2413 1128 2490 Accursio,
1149 2438 1161 2457 =

106 2513 266 2579 dubitabis
296 2515 474 2576 restitutum
500 2514 540 2577 iri
561 2513 679 2591 judicia
704 2514 755 2575 hic
781 2513 858 2589 sibi,
891 2524 922 2574 et
949 2536 1019 2597 quse
1044 2533 1130 2576 nunc

105 2616 149 2679 ob
173 2614 330 2678 desertam
349 2614 482 2695 priscam
500 2613 631 2676 vivendi
650 2615 912 2675 consuetudinem
930 2616 1010 2676 male
1030 2613 1128 2690 audit,

104 2734 144 2778 ac
169 2712 288 2798 optima
312 2714 463 2797 aequitatis
492 2725 524 2776 ct
552 2712 678 2795 justitiae
706 2714 791 2794 apud
817 2723 945 2775 exteros
976 2711 1128 2792 opinione

103 2815 242 2890 excidit,
267 2815 399 2897 patriam
425 2816 505 2877 hanc
530 2813 694 2896 antiquum
723 2824 921 2896 recepturam
945 2812 1062 2890 decus,
1093 2822 1129 2875 et

101 2917 147 2983 ud
165 2917 299 3003 gioriam
317 2917 489 2981 redituram
508 2915 622 2979 suam?

470 3125 475 3133 ,
506 3048 729 3112 Mercator.

182 3150 256 3229 Non
275 3149 399 3214 dubito.

506 3262 724 3326 Huttenus.

185 3367 299 3452 ltaque
318 3357 454 3430 manime
472 3361 643 3448 perniciosi
661 3361 785 3443 suurbi
802 3360 836 3425 in
856 3359 1025 3426 Germania
1042 3361 1128 3426 Prae·

103 3469 221 3537 dones.
559 3472 568 3493 ⁴

506 3580 725 3643 Mercator.

183 3684 264 3748 Sunt
282 3682 439 3764 proiecto.
489 3682 570 3744 Nam
590 3679 639 3743 alii
658 3700 709 3742 res
729 3678 923 3742 abstulerunt
941 3686 1078 3753 tantum,
1096 3676 1129 3738 hi

106 3785 302 3871 pessundato
322 3783 410 3866 jure,
430 3792 462 3845 et
482 3781 634 3862 ademptis
657 3779 796 3863 legibus,
828 3778 1015 3861 sanguinem
1034 3776 1128 3840 mise·

104 3907 217 3951 rorum
247 3893 420 3962 exsugunt,
454 3903 579 3963 omnem
609 3881 786 3944 animorum
816 3877 1035 3963 quietudinem
1055 3898 1128 3959 per-

105 3966 287 4053 turbantes
333 3982 588 4066 Cogitationibus
619 3981 702 4044 enirn
732 3980 914 4043 excruciant
944 3976 1127 4052 saevissime,

106 4086 236 4152 tristitia
254 4097 286 4147 et
314 4107 449 4148 rnoerore
469 4083 610 4164 affligunt
641 4070 948 4156 immisericorditer,
981 4088 1014 4140 et
1038 4077 1129 4175 quasi

103 4190 193 4254 tenta
211 4187 346 4271 quadam
363 4185 434 4250 tabe
452 4183 530 4246 vitas
551 4192 752 4245 consumunt.

509 4320 723 4382 Huttenus.

77 4402 80 4407 ⁵
183 4388 364 4486 Possumus
381 4417 488 4504 itaque
507 4416 611 4494 ferre,
641 4412 776 4504 pessimi
790 4416 845 4499 qui
864 4420 954 4490 sunt,
973 4417 1130 4492 perpetuo
