2618 5108
394 773 445 853 sd
467 758 665 897 Spongiam
686 773 841 855 sumt
1021 780 1130 869 dib,
1233 724 1237 728 ἡ

187 950 305 1041 Οῑτο.ἰ
332 971 440 1036 Mutto
467 969 575 1035 minua
592 989 636 1033 ua
664 969 883 1036 souuriasseut·
901 980 1129 1057 quaequetam

110 1075 255 1156 impiam,
300 1091 476 1155 nugacem,
530 1069 781 1152 sycophanticum
826 1080 860 1135 et
895 1071 1132 1149 acerbissimam²

110 1176 296 1257 Spongiam,
318 1173 357 1236 ab
371 1168 565 1256 Evangelico
587 1180 620 1234 ct
637 1183 700 1237 tam
718 1171 787 1240 sine
801 1170 877 1237 felte
893 1182 926 1238 et
943 1172 1001 1239 biti
1015 1174 1124 1239 Tbco-

107 1279 195 1357 logo.

182 1378 381 1438 Erasmus.
419 1374 516 1457 Quod
544 1373 572 1436 si
590 1371 743 1436 rationem
761 1374 909 1441 haberem
927 1372 1130 1455 privatam

107 1476 391 1551 incommodorum,
411 1475 487 1538 nulli
503 1473 601 1557 magis
616 1474 842 1538 incommodari
857 1473 1010 1538 debebam
1029 1495 1132 1560 quatu.

109 1577 269 1651 Lutbero,
298 1576 354 1658 qui
379 1596 429 1638 me
458 1595 611 1659 meosque
640 1575 737 1637 tihros
767 1586 851 1639 tanta
871 1575 1056 1658 degravavit
1073 1574 1124 1641 iu-

107 1677 205 1754 ridia,
226 1675 347 1760 quique
366 1675 441 1740 mihi
460 1697 568 1739 omues
587 1677 656 1739 iere
674 1673 822 1739 amicitias
840 1678 893 1740 vei
907 1675 1052 1757 disrupit,
1071 1676 1125 1740 vel

106 1781 188 1842 mato
215 1777 373 1842 fermento
402 1775 540 1854 vitiavit,
571 1796 632 1840 nec
659 1796 771 1856 parum
798 1775 992 1841 incommodi
1022 1775 1155 1860 aarum,

104 1879 197 1942 bonis
217 1877 341 1941 literis..
1125 1926 1135 1937 .

180 1981 286 2043 Otto.
324 1980 366 2040 Et
390 1974 596 2062 degravavitt
622 1978 666 2041 Et
678 1986 681 1991 ’
693 1977 898 2062 degravavit!
928 1980 1049 2044 Efficax
1072 1989 1132 2044 esa

105 2102 147 2143 en
166 2079 300 2144 verbum
319 2078 400 2155 Dei,
427 2076 517 2161 quasi
534 2077 634 2160 ignis,
654 2089 687 2142 et
706 2081 796 2162 quasi
816 2079 919 2144 tacula
939 2080 1069 2159 ardetis,
1088 2092 1135 2149 ct,

103 2184 232 2246 malleus
262 2190 432 2243 conterens
459 2189 589 2261 petram.
633 2180 812 2247 lltumiuaus
832 2180 1016 2245 abscondita
1033 2192 1135 2249 tens-¹

105 2283 250 2359 brar-um,
271 2290 303 2345 et
321 2300 511 2343 consumens
529 2280 618 2364 quasi
635 2279 778 2363 stipulam
795 2301 921 2347 omnem
939 2281 1123 2363 sapientiam

106 2385 288 2460 humanam,
308 2401 391 2465 ¹quu
415 2381 538 2446 extollit
560 2400 595 2444 se
610 2379 762 2446 adversus
786 2380 950 2467 scientiam
968 2384 1042 2457 Dei.
1058 2440 1061 2447 .
1078 2386 1133 2450 tu-

104 2486 132 2547 si
149 2485 197 2547 vis
216 2483 379 2565 accipere,
409 2481 478 2564 ipse
498 2492 546 2544 est
565 2493 660 2563 Elias
680 2494 913 2561 postremorum
930 2493 1135 2567 temporam„

104 2586 161 2667 qui
177 2584 313 2648 redimit
338 2583 462 2660 omnia,
487 2582 544 2667 qui
563 2582 685 2647 curavit
703 2593 829 2666 gentem
849 2603 937 2647 suam
955 2595 988 2646 et
1006 2585 1121 2651 libera·

102 2685 150 2748 vit
168 2705 252 2762 eam3
278 2674 352 2770 qui,
379 2683 470 2769 quasi
488 2686 539 2748 sot
557 2683 744 2764 refulgens,
763 2683 809 2747 sic
826 2682 931 2767 tutget·
946 2681 980 2747 in
1002 2687 1135 2767 tempto,

103 2787 184 2864 Dei,
203 2796 236 2849 et
253 2785 344 2872 quasi
364 2786 435 2850 tbus
455 2786 568 2850 ardens
585 2785 620 2848 in
638 2783 725 2867 igne.
761 2783 858 2850 Dedit
870 2783 954 2848 enim
965 2783 1017 2863 iili.
1029 2784 1122 2861 Deras
1151 2794 1152 2798 ’

102 2907 160 2951 cor
177 2889 218 2952 ad
242 2898 412 2972 praecepta,
444 2897 477 2950 ct
501 2888 603 2969 legen
630 2883 700 2949 vita
729 2895 775 2948 ct·
788 2882 973 2965 disciplina,
999 2886 1136 2963 docere.
1181 2900 1185 2906 “

101 2998 203 3056 Jacob
223 2998 440 3062 testamentum
458 3006 567 3063 suum,
584 2996 617 3048 et
634 2984 753 3063 judicia
771 3007 828 3050 sue
845 2997 966 3055 asrael.
1005 2987 1121 3072 Imple-

100 3102 153 3156 tus
171 3101 221 3154 est
240 3089 330 3173 quasi
350 3090 468 3153 diuncn
486 3086 653 3170 sapientia,
674 3097 706 3149 et
720 3097 837 3151 terram
849 3088 1005 3173 gubernat
1016 3089 1119 3161 anima

99 3211 167 3255 sua.
204 3190 304 3252 Velut
323 3189 414 3251 etiam
433 3189 511 3250 atter
532 3197 642 3253 Dauid
667 3207 739 3251 cum
763 3186 908 3253 leonibus
926 3188 1016 3268 lusit,
1044 3211 1135 3259 cusu·-

100 3287 295 3353 Romanistis
313 3287 458 3375 leonibus
477 3287 675 3371 rugientibus
695 3299 728 3357 et
750 3289 928 3369 praeparatis
948 3289 988 3354 ad
1004 3311 1120 3357 mcum.

98 3394 142 3455 Et
162 3389 196 3452 in
215 3388 297 3452 ursis
317 3385 494 3472 prcdouica
513 3397 608 3471 geute
621 3387 854 3452 Monachorum
871 3387 1012 3456 similiter
1031 3389 1119 3457 iecit.

98 3489 265 3575 Numquid
290 3500 357 3555 non
376 3489 493 3552 occidit
512 3489 700 3570 Giganteos,
724 3489 891 3553 robustum
916 3488 1002 3553 ilium
1021 3510 1133 3555 vens-a

98 3603 201 3657 torem
220 3612 328 3655 coram
342 3589 499 3667 Domino,
519 3600 552 3652 ct
571 3589 696 3667 abstulit
713 3587 919 3672 opprobrium
938 3589 979 3653 de
996 3589 1130 3673 gemet·

96 3692 135 3759 Iu
147 3694 232 3758 saxis
249 3694 291 3757 de
307 3701 450 3755 torrente
468 3690 693 3771 scripturarum
706 3688 826 3770 dejecit
840 3687 983 3770 spurium
998 3710 1116 3771 expro-

96 3794 249 3870 brantem,
262 3805 294 3857 et
304 3796 517 3877 imponentem
529 3789 749 3856 traditionibus
760 3787 826 3853 suis
840 3800 961 3857 Goliad
968 3794 1115 3858 Emeum.

97 3893 162 3973 Qui
180 3905 290 3956 contra
313 3896 399 3959 itlum
416 3906 571 3959 steterunt
603 3906 698 3961 Hisne·
723 3902 757 3957 et
782 3900 875 3957 Ecca'r‘
901 3902 933 3955 et
962 3903 1110 3974 Quum,

95 4005 270 4059 Murnaris'
285 4005 318 4056 et
336 4007 563 4074 Maurorum,
581 3993 787 4079 congregatio
811 4003 921 4061 Coma
939 3991 972 4056 in
988 3995 1114 4071 irttcutt·¹

95 4096 164 4169 dia;
197 4094 220 4157 ii
238 4115 348 4158 omnes
367 4098 485 4178 impetu
500 4097 668 4161 iracundias
687 4117 750 4160 sua
770 4097 949 4177 consumpti
967 4108 1112 4175 suamet

95 4196 170 4259 iecit
190 4195 248 4257 illis
267 4206 407 4260 monstra
425 4196 600 4274 Dominus,
629 4208 662 4262 et
679 4197 883 4279 comsumpsit
901 4217 958 4261 eos
988 4200 1123 4263 flamna.

94 4298 187 4380 ignis.
235 4296 384 4360 Percussi
401 4307 474 4362 sunt
492 4297 633 4387 coecitate
650 4299 732 4367 sicut
761 4297 805 4361 itli
824 4298 856 4362 iu
869 4297 1007 4369 ,toribus
1021 4299 1125 4379 jruti,
1148 4370 1153 4375 ,

95 4397 376 4484 salvumqueiecit
393 4419 533 4485 egenum
560 4397 786 4482 agladiooris
804 4418 941 4479 sorum,
964 4418 1126 4484 compres·
