2588 5048
260 765 436 850 adversus
459 763 699 869 adspergines
720 767 884 851 Hutteni,
1012 770 1082 847 iii

73 979 113 1023 eo
134 959 251 1038 animo,
284 959 321 1024 in
336 960 432 1024 rebus
452 959 587 1052 affiictis,
615 961 688 1045 qui,
707 960 802 1027 rebus
822 961 924 1025 adhuc
941 959 1093 1042 integris,

73 1081 264 1144 congressus
284 1061 435 1124 invidiam
454 1062 649 1126 detrectant
665 1062 733 1125 lmo
754 1061 796 1125 itti
814 1074 888 1125 sunt
906 1058 996 1124 amici
1017 1082 1088 1124 cer·

73 1160 202 1239 tissimi,
233 1162 289 1245 qui
314 1184 348 1223 se
375 1183 503 1226 servare
534 1173 652 1226 norunt
670 1163 811 1248 integros
833 1160 1008 1237 occasioni,
1041 1160 1088 1222 ibi

72 1263 213 1325 timentes
235 1263 426 1345 periculum,
458 1262 515 1326 uhi
545 1264 621 1326 nihii
646 1264 880 1327 commoditatis
904 1263 944 1327 sit
975 1262 1087 1324 amico.

71 1364 145 1425 Non
176 1363 259 1426 enim
287 1385 372 1425 nnnc
400 1365 541 1441 dissero,
581 1386 676 1447 quant
705 1363 749 1426 itti
773 1386 824 1428 res
853 1364 915 1427 sint
946 1363 1087 1446 integrae.

74 1462 171 1526 Certe
198 1465 330 1544 optarim
361 1465 402 1526 ilii
432 1464 653 1540 secundiores,
679 1465 776 1527 modo
802 1463 869 1545 ipse
895 1465 955 1527 sibi
987 1475 1089 1527 sumat

26 1556 30 1562 ’
72 1565 208 1626 animum
226 1565 354 1627 fortuna
371 1565 502 1628 meliore
522 1565 665 1648 dignum.
702 1566 857 1641 „Omnes,
877 1565 996 1648 inquit,
1017 1586 1089 1647 gra·

72 1667 209 1727 tniantur
236 1667 396 1742 Hutteno,
425 1666 628 1748 Magistratus
653 1664 731 1727 alius
762 1686 858 1746 super
884 1666 978 1729 alium
996 1685 1089 1728 reve·
1180 1680 1183 1685 ’

72 1777 180 1829 renter
200 1766 335 1841 adeunt,
369 1766 456 1828 multi
485 1766 624 1829 omnium
655 1766 802 1829 ordinum
829 1765 919 1849 quasi
947 1764 1089 1828 certatim

71 1864 226 1930 irruentes
241 1867 395 1944 invisunt,
416 1868 501 1931 solus
512 1869 660 1929 Erasmus
676 1869 815 1930 clausum
828 1887 862 1927 se
878 1865 965 1928 dorni
977 1870 1089 1929 tenet.“

73 1965 152 2048 Quis
179 1989 318 2049 unquam
337 1967 415 2038 vidit
434 1970 598 2031 Erasmum
621 1968 738 2030 bruma
767 1979 910 2049 tempore
935 1966 1090 2030 salutandi

72 2067 172 2149 gratia
200 2068 329 2147 prodire
356 2068 479 2131 domo?
511 2067 634 2131 Deinde
663 2089 729 2130 non
756 2080 803 2131 est
830 2089 934 2131 meum
963 2070 1089 2129 elevare

71 2169 295 2231 humanitatem
322 2167 557 2252 magistratuum
583 2166 677 2249 hujus
706 2169 811 2245 urbis,
844 2189 937 2251 quam
962 2180 994 2229 et
1026 2189 1104 2251 ego

73 2293 139 2334 non
170 2272 267 2333 semel
294 2282 442 2351 expertus
464 2292 543 2334 sum.
587 2272 664 2332 Erat
681 2291 799 2352 magnae
819 2269 1017 2335 humanitatis
1043 2268 1092 2332 fa·

72 2383 158 2448 teor,
191 2371 280 2454 quod
299 2373 474 2434 Huttenum
501 2369 708 2459 admiserunt,
742 2371 800 2433 sed
824 2369 974 2449 majoris,
1001 2369 1091 2454 quod

73 2472 268 2536 dimiserunt.
307 2473 432 2535 Addam
456 2482 488 2535 ct
519 2471 594 2535 illud
614 2472 732 2535 laudis:
767 2472 892 2535 Malunt
916 2473 978 2535 hoc
997 2492 1091 2536 suunt

73 2573 209 2636 officium
228 2570 329 2649 sileri,
362 2595 455 2656 quun
484 2571 602 2651 jactari.
651 2576 699 2638 Ea
718 2587 764 2638 est
784 2574 908 2638 illorum
926 2574 1090 2640 modestia.

74 2673 200 2739 Utinam
221 2686 325 2736 autem
345 2674 505 2738 Huttenus
535 2673 580 2738 sic
598 2696 668 2738 sese
696 2687 836 2759 gereret,
870 2689 905 2740 ut
932 2678 1092 2739 honorum

72 2774 262 2839 humanitate
292 2786 448 2856 perpetuo
477 2785 586 2854 posset
617 2777 673 2841 uti.
712 2777 775 2841 seat
794 2777 907 2854 iidem,
938 2776 993 2862 qui
1020 2795 1112 2860 per·'

73 2874 236 2939 mittebant
255 2875 440 2957 hospitium,
474 2877 700 2954 admonebant,
730 2888 918 2959 temperaret
937 2901 956 2941 a
974 2879 1097 2957 verbis,

74 2979 160 3041 uncie
179 2979 331 3040 tumultus
351 2978 471 3062 aliquid
490 2981 576 3043 nasci
595 2990 719 3062 posset,
738 2980 836 3042 multo
855 2980 957 3043 minus
976 3001 1092 3063 appro-

73 3076 177 3141 baturi
208 3080 283 3140 tates
315 3078 449 3143 liheiios.
500 3082 622 3144 Verum
652 3082 679 3143 si
707 3079 762 3165 qni
789 3091 881 3155 sunt,
917 3103 998 3164 qnos
1024 3102 1092 3144 non

76 3179 280 3260 gravathaec
314 3177 450 3256 invidia,
481 3179 661 3260 cujusmodi
680 3194 753 3245 sunt
772 3181 860 3245 multi
887 3181 1005 3265 ignoti,
1038 3193 1091 3245 aut

58 3289 137 3339 -tarn
158 3287 320 3358 potentes,
349 3289 384 3340 ut
404 3279 525 3360 possint
543 3293 764 3357 contemnere,
796 3283 873 3365 quid
892 3283 953 3344 hoc
971 3283 1010 3343 ad
1030 3305 1091 3358 me,

74 3377 132 3462 qui
152 3377 207 3439 vix
226 3377 363 3441 subsisto
383 3380 533 3459 agiversus
553 3381 717 3459 invidiam,
739 3404 798 3445 nec
816 3382 935 3457 habeo,
956 3403 1021 3463 qno
1041 3402 1092 3444 me

75 3489 180 3556 tuear,
213 3478 273 3541 nisi
300 3482 397 3557 solam
427 3481 661 3546 innocentiam?
692 3484 823 3546 Desinet
849 3495 952 3545 autern
972 3481 1089 3557 mirari,

76 3599 126 3642 me
146 3579 297 3643 tantillum
315 3594 456 3646 metuere
475 3582 644 3659 invidiam,
673 3605 736 3666 qua
754 3585 837 3645 uuila
856 3583 952 3663 pestis
973 3603 1091 3644 nocen-

74 3680 151 3758 tior,
175 3681 230 3764 qui
249 3684 469 3764 perpenderit,
498 3686 586 3767 quod
606 3683 777 3748 Cardinahs
797 3683 1007 3766 Mognntinus
1028 3683 1092 3762 pri·

76 3781 149 3844 dem
170 3784 346 3847 Huttenum
379 3808 397 3849 e
428 3806 484 3848 sua
516 3784 630 3848 familia
648 3783 815 3856 dimiserit,
850 3804 915 3844 non
935 3783 977 3844 ob
996 3782 1091 3860 aliud,

73 3881 134 3947 nisi
154 3883 243 3966 quod
261 3888 358 3948 noiiet
376 3907 434 3968 per
452 3886 539 3949 ilium
559 3884 677 3949 invidia
691 3882 867 3965 degravari.
904 3882 1092 3953 Franciscus

76 3981 272 4065 Sinitingius,
293 4006 358 4066 quo
378 3986 511 4049 consitio
533 3985 648 4050 dimisit
667 3987 842 4048 Huttenum
861 3984 900 4045 ab
919 4004 1005 4057 sese,
1030 3983 1091 4048 nisi

76 4083 151 4167 quia
170 4084 289 4147 vitabat
315 4084 487 4149 invidiam?
517 4086 580 4170 Qui
601 4089 743 4148 Hutteno
763 4083 916 4166 sanguine
937 4083 1091 4165 conjunc·

74 4182 182 4248 tissimi
209 4196 300 4261 sunt,
331 4206 388 4247 cur
414 4190 530 4259 malunt
555 4190 642 4251 iilum
662 4186 771 4249 abesse
798 4183 1089 4264 apossessionibus

72 4284 231 4366 paternis,
263 4284 324 4348 nisi
350 4288 439 4369 quod
463 4298 609 4352 metuunt
627 4286 797 4350 invidiam?
828 4287 905 4349 Hoec
923 4305 995 4348 cum
1015 4284 1091 4348 nuiii

71 4383 134 4448 sint
153 4384 307 4464 obscura,
325 4387 411 4452 solus
422 4390 573 4454 Erasrrms
586 4387 697 4455 metuit
708 4384 868 4452 invidiam.
905 4386 980 4452 Non
994 4405 1092 4468 opor·
