2618 5108
685 1415 730 1489 Π.

240 1609 406 1686 Uirichus
444 1611 491 1683 ab
516 1609 656 1683 Hutten
704 1609 829 1707 Eques
861 1609 1018 1684 Eobano
1052 1610 1193 1700 Hesso,

629 1748 757 1821 Poetae
783 1749 816 1821 S.

175 2121 275 2241 *Est
293 2154 420 2217 tandem
438 2152 572 2230 modus,
591 2154 742 2229 Eobane‚
764 2165 818 2215 aut
838 2153 908 2214 linis
928 2162 976 2214 est
988 2150 1140 2230 improba
1161 2154 1231 2216 sor-

129 2312 130 2315 ,
205 2265 306 2330 tunae,
328 2253 528 2318 acerbissime
545 2274 603 2314 nos
620 2253 847 2335 persequenti?
869 2252 915 2314 Illi
933 2252 1061 2335 quidem
1079 2275 1235 2318 essenon

204 2364 304 2434 puto;
332 2354 391 2415 sed
416 2350 511 2414 nobis
539 2364 658 2414 tantum
685 2355 779 2415 animi
799 2364 863 2428 cst,
896 2365 1047 2434 quantum
1080 2354 1118 2413 ad
1148 2355 1232 2418 illius

208 2453 377 2517 ferendum
409 2455 540 2515 insultus
562 2453 634 2516 satis
654 2454 742 2515 credi
765 2454 873 2535 possit.
927 2455 999 2513 Hoc
1019 2474 1117 2513 unum
1139 2454 1235 2517 nobis

206 2552 372 2628 solatium,
391 2555 453 2615 hoc
472 2553 650 2634 praesidium
663 2553 805 2636 reliquit,
830 2557 884 2637 qui
897 2565 1000 2613 cetera
1014 2554 1093 2614 illius
1109 2551 1235 2632 injuriae

205 2653 358 2738 permisit·
395 2653 533 2715 Abstulit
555 2652 588 2713 in
604 2654 768 2715 Helvetios
788 2654 863 2735 suga
879 2675 928 2715 me
940 2655 1013 2714 inde
1027 2652 1236 2735 longinquius

206 2755 351 2818 exsilium
389 2753 563 2834 prospicio.
615 2755 729 2835 Neque
765 2754 848 2816 enim
878 2753 960 2814 leret
985 2773 1034 2813 me
1063 2755 1237 2817 Germania

204 2857 268 2937 hoc
288 2856 386 2935 ipsius
409 2865 510 2915 statu:
533 2875 627 2937 quem
647 2867 749 2914 tamen
769 2876 863 2934 spero
883 2855 1012 2932 pulchre
1034 2857 1138 2933 paullo
1161 2866 1238 2935 post

207 2954 404 3018 immutatum
428 2953 484 3027 iri,
517 2954 635 3015 exactis
663 2955 811 3033 tyrannis.
858 2956 979 3035 Recepi
1006 2956 1044 3015 ad
1072 2954 1239 3019 literarum

208 3058 307 3119 otium
326 3079 377 3118 me
404 3055 553 3117 abellico
575 3058 725 3128 tumultu,
760 3065 789 3116 et
819 3055 1079 3116 adscribendum
1106 3057 1238 3136 penitus

208 3156 338 3216 contuli.
377 3156 415 3215 In
435 3157 496 3215 hoc
517 3177 580 3215 uno
602 3156 684 3215 bene
704 3156 744 3216 de
759 3154 850 3216 nobis
864 3155 973 3216 merita
988 3155 1117 3216 lortuua
1130 3155 1239 3219 videri

207 3266 331 3338 potest,
353 3275 423 3336 quas
444 3275 461 3314 a
480 3255 601 3336 magnis
621 3266 652 3315 ct
674 3256 792 3317 odiosis
817 3253 917 3316 turbis
938 3256 978 3315 ad
997 3256 1149 3334 placidam
1169 3268 1239 3319 stu-

209 3355 338 3417 diorum
358 3355 497 3436 quietem
517 3356 652 3436 redigat.
702 3357 764 3436 Qui
785 3359 837 3418 has
859 3355 995 3437 perfert,
1025 3358 1118 3418 hahet
1147 3380 1238 3421 ame

155 3528 162 3538 ¹
207 3455 305 3520 libelli
324 3455 474 3539 quiddam
492 3455 524 3517 in
545 3467 709 3534 tyrannos,
732 3458 820 3538 quod
841 3468 928 3517 curet
950 3456 1030 3536 typis
1048 3457 1234 3537 imprimen-

209 3559 297 3622 dum.
335 3556 385 3619 lbi
406 3577 512 3639 quaeso
527 3569 612 3618 tuam
627 3558 700 3618 nuni
715 3568 809 3637 atque
824 3557 865 3617 illi
879 3559 1081 3618 accommoda
1096 3578 1241 3635 operam.

210 3660 324 3723 Potest
359 3656 483 3720 silentio
522 3657 661 3738 transigi,
685 3659 848 3737 negotium
888 3669 918 3718 et
949 3661 1087 3732 occulte,
1129 3679 1242 3730 neque

210 3780 344 3841 usquam
364 3759 498 3832 rectius,
520 3778 613 3840 quam
634 3759 665 3819 in
685 3771 789 3820 vestra
810 3758 909 3831 urbe,
941 3757 996 3817 ubi
1016 3778 1111 3839 nemo
1132 3770 1242 3822 actum

211 3857 438 3941 suspicabitur,
476 3858 649 3938 pracsertim
686 3857 732 3920 sic
762 3860 857 3940 longe
897 3879 995 3939 quum
1032 3858 1132 3919 absim
1163 3881 1241 3938 ego.

213 3959 281 4021 Oro
299 3970 331 4020 te
354 3959 447 4019 etiam
467 3968 561 4040 atque
581 3957 694 4032 etiam,
726 3980 765 4018 ne
792 3958 869 4040 quid
896 3978 999 4019 cesses
1028 3963 1117 4020 inre
1145 3961 1241 4021 valde

212 4056 305 4119 nobis
325 4057 511 4120 necessaria.
551 4060 683 4132 Exstet,
704 4068 735 4119 et
756 4057 787 4119 in
809 4061 877 4118 luce
898 4058 954 4131 sit,
984 4080 1075 4118 novae
1097 4071 1127 4120 et
1149 4057 1241 4121 innu-

212 4157 284 4219 ditae
315 4156 524 4239 improbitatis
551 4158 749 4238 protestatio.
800 4158 940 4218 Videant
976 4170 1007 4219 et
1041 4170 1242 4237 cognoscant

213 4256 320 4320 lutura
344 4268 417 4337 post
436 4277 496 4319 nos
521 4261 649 4333 saecula,
685 4260 793 4340 quales
823 4257 959 4332 suerint,
987 4259 1043 4339 qui
1069 4259 1240 4336 honestati,

211 4356 353 4439 legibus,
381 4356 464 4434 iuri,
498 4357 575 4419 fidei
595 4378 631 4418 ac
649 4359 815 4441 religioni,
851 4360 970 4420 scelere
998 4370 1032 4421 et
1052 4359 1182 4421 audacia
1203 4381 1241 4422 se

213 4456 433 4541 opposuerint.
476 4456 541 4520 Sed
564 4457 627 4539 jam
657 4459 730 4522 satis
757 4460 855 4524 credo
884 4481 1071 4542 persuasum
1098 4460 1171 4535 tibi,
1204 4473 1242 4525 ut
