2618 5108
142 817 226 903 nd
439 772 643 905 Praedones
691 832 878 934 Dialogus.

462 1024 464 1028 ’
537 1026 795 1092 F'ranciscus.

219 1123 435 1189 Mo'nitionem
451 1125 590 1208 accipio,
610 1131 644 1189 et
661 1131 826 1193 consilium
841 1131 963 1213 probo,
984 1154 1181 1218 quamquam

143 1228 288 1303 decrevi,
320 1240 353 1290 et
380 1228 448 1310 ipse
470 1231 555 1308 apud
575 1253 625 1293 me
645 1229 706 1311 jam
727 1233 869 1313 pridem,
897 1234 1003 1296 redire
1034 1258 1107 1299 cum
1126 1239 1174 1301 his

143 1326 177 1390 in
196 1329 342 1411 gratiam,
365 1349 401 1390 ac
420 1351 529 1392 earum
548 1333 594 1394 uti
616 1331 760 1395 amicitia.
855 1373 860 1381 „

459 1481 461 1484 '
546 1471 762 1535 Mercator.

218 1572 303 1634 Rem
323 1570 419 1634 audio
441 1572 557 1634 mirum
572 1572 605 1634 in
622 1575 754 1637 modurn
767 1575 1028 1656 desiderabilem,
1052 1577 1078 1640 si
1098 1601 1178 1659 pro-

81 1675 85 1684 '
142 1671 244 1733 cedat.

534 1799 786 1863 Franciscus.

218 1899 283 1964 Per
301 1921 352 1964 me
372 1900 503 1983 quidem
522 1923 590 1964 non
614 1911 661 1962 est
681 1922 780 1962 mora.

547 2043 770 2105 Mercator.

171 2169 185 2195 ·
219 2144 348 2207 Utinam
369 2142 499 2225 quidem
518 2143 655 2206 nonsit.
693 2145 772 2205 Nam
792 2155 920 2207 nostros
932 2147 1008 2208 'scio
1029 2146 1171 2229 cupidis-²

138 2242 217 2308 sime
236 2242 494 2322 ibi'promptosf

527 2367 784 2430 Franciscus.

112 2517 114 2520 -
214 2472 258 2532 Et
279 2490 342 2549 ego
363 2480 546 2551 promptum
565 2489 616 2530 me
636 2468 799 2549 polliceor.

544 2594 760 2655 Huttenus.

215 2697 279 2777 Qui
299 2697 326 2758 si
349 2716 419 2759 esse
439 2695 539 2770 nolis,
568 2694 652 2755 haud
677 2694 798 2757 carebis
818 2697 1061 2775 reprehensore.
1100 2699 1172 2781 Ego

141 2796 270 2880 quidem
291 2818 455 2881 nunquam
474 2798 574 2859 deero
595 2795 653 2856 tibi
676 2798 893 2871 exhortando,
915 2808 945 2857 et
958 2798 1172 2878 efflagitanda,

138 2911 176 2963 ut
194 2912 226 2961 te
248 2900 424 2962 Germanias
445 2899 666 2962 accommodes
686 2898 749 2973 ibi,
773 2899 862 2980 quod
882 2898 1049 2977 dupliciter
1069 2899 1174 2964 illisit

138 2982 239 3078 utili,
255 3002 410 3083 primum,
441 3013 478 3062 ut
496 2984 675 3081 perniciosa
694 3002 844 3061 hactenus
871 2999 1025 3061 dissensio
1045 3003 1173 3069 tollatur

138 3126 158 3166 e
177 3104 304 3177 medio,
332 3115 363 3163 et
385 3102 559 3163 concordia
579 3101 753 3181 jungantur
771 3098 908 3162 invicem
929 3101 995 3162 duo
1017 3099 1173 3181 potentis?

139 3205 208 3268 simi
229 3204 373 3275 ordines3
394 3202 528 3278 deinde,
548 3215 585 3263 ut
604 3201 813 3281 acaptivitate
833 3200 1006 3280 impiorum
1023 3204 1173 3272 sacerdo.-

138 3318 223 3382 ttrm,
246 3326 310 3388 qua
325 3303 409 3365 nulla
428 3305 558 3378 durior,
579 3306 663 3364 nulla
681 3303 831 3382 pudenda
848 3303 948 3383 magis
967 3323 1037 3367 csse
1055 3316 1172 3389 potest,

138 3391 334 3492 postliminio
354 3406 463 3467 redeat
488 3403 607 3482 patria,
634 3403 761 3464 libertas
787 3402 967 3465 Christiana
984 3405 1172 3481 restituatur

138 3510 215 3587 sibi,
236 3506 549 3581 veritas'eluce'scat,
571 3502 699 3566 Christo
720 3504 822 3586 gloria
842 3505 893 3566 sit.
972 3542 975 3546 -

546 3631 765 3695 Mercator.

223 3735 302 3795 Haec
331 3731 436 3794 omnia
463 3732 503 3792 ad
533 3731 650 3793 bellum
677 3732 873 3794 sacerdotale
892 3731 1081 3795 viderentur
1097 3757 1172 3798 ver·

140 3831 235 3920 gere,
265 3836 355 3915 quod
373 3844 509 3895 maturet
528 3833 679 3894 Servator
699 3834 798 3894 Deus.
846 3833 926 3893 Nam
945 3833 1021 3895 mihi
1040 3835 1171 3918 quidem

138 3937 287 4008 ridetur,
330 3933 495 3995 honestior
534 3936 618 3997 nulla
651 3953 792 4016 unquam
829 3932 929 3995 fuisse
960 3933 1035 3995 helli
1062 3955 1168 4022 causa,

140 4058 248 4121 neque
267 4034 367 4116 magis
388 4032 576 4097 necessaria.
606 4065 610 4071 ·

546 4159 759 4222 Huttenus.

217 4264 293 4337 Est,
328 4261 417 4344 quod
437 4262 492 4322 ais.
540 4261 620 4321 Nam
649 4259 675 4320 si
701 4275 788 4322 recte
808 4259 938 4343 quidem
958 4259 1171 4341 Imperatores

140 4364 317 4431 crudelium
336 4361 561 4444 suppliciorum
581 4372 684 4435 metu,
705 4362 859 4422 arcendos
880 4372 1091 4441 putaverunt,
1111 4363 1168 4446 qui

140 4468 242 4529 officia
261 4464 396 4545 profana
414 4463 655 4535 mercabantur,
687 4461 767 4543 quid
787 4463 833 4522 eis
853 4461 970 4535 facias,
1003 4463 1169 4544 quisracra

138 4569 356 4633 nundinantur
376 4563 463 4646 jam?
484 4567 611 4643 Quanto
632 4563 703 4642 jure
718 4562 776 4622 hos
792 4561 936 4637 aboleas,
957 4578 989 4624 et
1002 4563 1168 4646 extirpes?
