2618 5108
213 808 285 885 380
387 800 465 886 Ulr.
491 806 539 880 ab
563 804 705 881 Hutten
731 829 816 882 curn
839 804 996 882 Erasmo
1022 801 1107 876 Rot.

209 1007 360 1081 possunt,
384 999 426 1061 in
449 998 507 1062 'tali
531 1002 630 1077 urbe,
660 1000 713 1063 uti
733 998 857 1082 gente?
893 997 978 1062 Nihil
1000 991 1172 1059 verisimile
1193 992 1243 1054 in·

209 1100 319 1163 venio.
358 1098 469 1178 ltaque
495 1122 562 1163 non
590 1104 692 1184 placet
719 1100 836 1164 sabula.
875 1100 1100 1164 Commeatum
1113 1094 1244 1156 videtur

209 1203 310 1267 multo
332 1187 470 1265 manime
493 1205 710 1284 nugatorium.
730 1204 809 1264 Nam
826 1213 858 1262 et
875 1202 938 1263 hoc
952 1220 1032 1262 vero
1051 1208 1174 1259 certum
1190 1195 1245 1256 hrt·

208 1300 284 1378 beo,
307 1301 368 1382 ipsi
383 1304 529 1365 Luthero
547 1302 780 1386 iniquissimum
793 1324 863 1366 esse
881 1313 924 1377 te,
946 1321 1040 1383 quam
1058 1298 1100 1360 ob
1117 1313 1246 1358 causam

208 1424 290 1465 vero
312 1404 396 1467 haud
415 1404 487 1466 satis
507 1403 594 1478 scio,
618 1403 678 1465 nisi
698 1406 787 1487 quod
808 1403 895 1483 prius
916 1401 1001 1476 dixi,
1026 1402 1141 1461 sarnam
1160 1416 1244 1473 esse,

208 1524 277 1570 non
296 1505 383 1568 serre
415 1516 446 1568 te
475 1507 644 1568 florentem
675 1506 765 1586 juxta
794 1504 924 1566 alienam
944 1503 1110 1576 virtutem,
1146 1510 1245 1581 atque

209 1606 357 1668 omnibus
377 1605 539 1682 invidere,
574 1608 631 1690 qui
650 1608 741 1669 simul
768 1607 978 1668 celebrantur.
1018 1605 1096 1683 Quae
1125 1600 1153 1664 si
1178 1619 1246 1661 non

210 1705 307 1783 fallit,
337 1710 465 1770 multam
485 1707 579 1769 habet
598 1708 650 1770 ille
669 1707 847 1781 materiam,
875 1703 1074 1788 provocandi
1094 1705 1135 1764 ad
1163 1700 1246 1762 invi-

208 1807 292 1871 diam
324 1819 367 1872 te.
405 1810 476 1871 lam
507 1808 593 1871 enim
625 1809 866 1870 celeberrimum
896 1818 943 1870 est
972 1807 1034 1868 hoc
1060 1815 1129 1865 toto
1163 1802 1244 1863 orbe

209 1930 345 1985 nomen,
381 1911 471 1992 quod
504 1909 633 1972 acunis
664 1909 757 1972 etiam
787 1910 880 1992 pueri
905 1928 1022 1970 vocare
1045 1916 1242 1969 assuescunt.

209 2013 253 2077 Et
282 2011 338 2094 qui
365 2024 456 2074 extra
486 2012 674 2091 religionem
700 2015 781 2074 hanc
806 2023 895 2086 sunt,
931 2009 1067 2071 Lutheri
1100 2008 1183 2071 sama
1212 2019 1245 2070 et

208 2111 296 2195 ipsos
317 2111 403 2175 adiit.
453 2113 497 2175 At
516 2113 603 2175 disce
623 2115 749 2176 tandem
768 2125 822 2175 tua
849 2123 1017 2173 contentus
1039 2131 1109 2173 esse
1130 2108 1244 2191 gloria,

123 2229 132 2250 ·
166 2246 177 2260 ν
209 2235 270 2278 nec
289 2215 412 2296 deroga
424 2213 551 2276 alicnael
575 2216 677 2277 Tuam
689 2214 938 2296 magnitudinem
959 2213 1111 2292 peculiari
1123 2212 1243 2273 virtute

208 2314 376 2388 metimur,
397 2313 494 2396 eique
511 2314 666 2377 nihildum
686 2316 820 2377 decessit
840 2327 971 2396 propter
992 2317 1188 2387 Lutherum,
1209 2313 1242 2374 in

209 2435 278 2489 quo
300 2412 445 2494 spiritum
466 2415 635 2492 miramur,
667 2428 700 2476 et
726 2416 782 2477 vix
802 2417 1013 2497 comparabile
1034 2416 1110 2477 illud
1130 2414 1244 2476 intelli·

208 2516 321 2596 geudis
343 2515 522 2578 divinarum
541 2516 767 2598 scripturarum
788 2518 944 2595 mysteriis
958 2540 1101 2580 acumen.
1143 2516 1243 2578 Certe

208 2615 340 2698 abipso
362 2618 475 2680 amaris
508 2639 585 2679 vere
613 2630 644 2681 et
664 2640 706 2680 ex
725 2619 846 2693 animo;
878 2642 983 2703 neque
1015 2641 1081 2680 non
1112 2619 1272 2704 solebas,

208 2717 348 2781 vicissim
367 2718 447 2800 ipsc,
466 2720 611 2783 venerari
623 2720 757 2782 hominis
771 2722 921 2781 virtutem
935 2741 972 2781 ac
984 2720 1080 2782 vitam
1093 2721 1243 2800 probare.

208 2820 299 2895 ‚Sed
319 2821 480 2896 nondum,
501 2820 619 2905 inquis,
640 2822 753 2883 malurn
774 2822 879 2884 Eridis
899 2821 1078 2902 projecerat
1099 2823 1132 2883 in
1151 2844 1244 2884 mun-

208 2922 311 2996 „dum
332 2922 415 2984 ittet
453 2923 527 2984 Hoc
554 2925 669 2983 malum
693 2922 821 3004 projicit
850 2923 894 2984 mi
923 2927 1072 2997 Erasme‚
1096 2923 1242 3007 quisquis

124 3093 127 3099 ,
208 3022 335 3103 profert
353 3023 574 3104 Evangelium.
614 3023 684 3085 Sed
703 3035 737 3085 tu
757 3036 836 3103 puto
856 3025 964 3086 dicere
984 3025 1131 3098 volebas,
1162 3046 1243 3086 uon·

208 3122 286 3183 dum
305 3144 356 3183 mc
376 3122 495 3184 invidia
523 3123 710 3204 subegerat3
741 3126 884 3186 nondum
905 3127 1056 3187 Romanae
1081 3136 1243 3205 coeperant

208 3220 377 3286 illecebrae.
415 3225 557 3286 Proinde
577 3225 698 3287 bonum
717 3224 823 3287 virum
843 3226 1001 3288 criminari
1021 3226 1101 3288 falso
1120 3228 1243 3301 desine,

208 3325 381 3407 nequando
399 3325 479 3386 hanc
490 3325 522 3386 in
535 3337 566 3385 tc
582 3327 782 3404 calumniam,
802 3327 828 3388 si
846 3349 940 3389 nemo
954 3328 1050 3402 alius,
1075 3328 1127 3389 ille
1144 3348 1245 3408 expe·

159 3425 161 3428 ⁴
208 3437 253 3490 tat
272 3430 396 3503 saltem,
418 3426 476 3510 qui
494 3425 592 3510 aequis
613 3429 717 3489 omnia
738 3430 836 3491 oculis
850 3430 994 3509 despicit.
1034 3429 1066 3491 Si
1079 3430 1245 3492 desierunt

209 3549 281 3594 esse
320 3551 438 3604 cause,
479 3533 527 3607 (ut
551 3531 613 3590 hoc
636 3530 711 3591 item
738 3533 896 3607 moveam)
924 3554 982 3593 cur
1010 3552 1112 3606 ames,
1144 3532 1242 3593 credo

208 3653 276 3696 non
295 3631 358 3694 sint
375 3631 485 3707 etiam,
509 3652 567 3693 cur
587 3631 714 3693 oderis:
735 3633 761 3693 si
781 3634 931 3695 videntur
950 3654 1037 3707 csse,
1060 3643 1163 3693 tamen
1177 3653 1243 3694 me·

208 3735 268 3796 lius
289 3732 465 3816 quievisses
484 3732 517 3794 in
534 3733 749 3809 dissensione,
770 3755 807 3796 ac
826 3737 885 3796 alia
905 3734 1031 3796 interim
1052 3734 1185 3814 egisses,
1209 3744 1244 3794 ut

208 3832 421 3909 consuevisti,
459 3834 584 3897 utiliora
612 3838 723 3896 multo.
778 3836 896 3898 Laxari
923 3836 1041 3897 debent
1068 3837 1125 3896 hac
1154 3846 1244 3897 aetate

209 3936 257 3998 tui
283 3935 427 4005 labores,
464 3958 531 3998 non
562 3935 693 3998 intendi.
746 3938 832 4017 Quid
858 3948 962 3999 autem
989 3938 1138 4019 proficies
1166 3937 1243 4012 istis,

210 4058 293 4120 quos
327 4041 367 4099 ad
402 4049 559 4100 terrorem
590 4039 691 4102 nostri
723 4037 840 4119 jactas,
870 4039 1038 4121 Dialogis?
1070 4039 1131 4099 nisi
1153 4040 1245 4121 quod

210 4139 425 4203 demereberis
445 4142 589 4202 inimicos
609 4142 744 4215 amicos,
766 4162 848 4223 quos
869 4161 984 4221 magno
1006 4162 1078 4202 curn
1097 4139 1244 4221 periculo

209 4244 308 4319 colis,
342 4263 546 4324 quorumque
573 4263 668 4305 suasu
697 4243 781 4303 haud
799 4244 1006 4320 prudentem,
1041 4264 1091 4304 rne
1121 4241 1242 4321 judice,

209 4344 475 4424 permutationem
504 4344 619 4407 iecisti.
667 4345 748 4406 Nam
768 4346 862 4425 quale
882 4345 944 4404 hoc
964 4356 1029 4419 cst,
1064 4347 1153 4427 quod
1187 4348 1244 4428 pri

210 4455 244 4507 te
267 4445 307 4508 ad
325 4445 528 4510 scribendum
546 4448 659 4510 contra
676 4447 855 4510 Lutherum
884 4445 1096 4527 impulerunt,
1130 4469 1243 4511 omnes
