2618 5108
637 507 642 527 Ι

360 833 405 908 In
429 834 634 909 Lutlrerum
667 834 770 908 Bulla
797 837 948 911 Leonis.
1127 832 1174 916 si

141 1029 233 1093 dictis
264 1027 414 1092 omnibus
447 1040 479 1091 et
509 1028 641 1112 singulis
677 1028 777 1107 poenis
805 1049 845 1091 eo
878 1032 949 1112 ipso
965 1031 1174 1113 'incurrendis

142 1131 285 1193 districte
312 1130 526 1214 precipiendo
547 1131 726 1193 nrandamus
738 1133 784 1206 ²),
805 1143 962 1212 quatenus
984 1133 1065 1195 inira
1084 1155 1175 1195 sexa-

140 1233 230 1313 ginta
250 1231 379 1309 diest),
408 1254 548 1317 quorum
571 1232 684 1312 viginti
725 1254 786 1311 pro
814 1234 934 1314 primo,
971 1235 1082 1316 viginti
1112 1258 1173 1314 pro

139 1335 288 1401 secundo
306 1346 339 1395 et
355 1334 496 1418 reliquos
510 1334 705 1416 viginti'dies
725 1356 784 1415 pro
802 1336 896 1398 tertio
910 1345 940 1396 et
956 1337 1173 1416 peremptorio

138 1437 280 1500 termino
303 1435 497 1519 assignamus
523 1436 563 1496 ab
590 1435 738 1499 affixione
758 1437 958 1519 praesentium
979 1437 1010 1499 in
1029 1439 1107 1500 locis
1125 1437 1174 1500 in·

138 1539 190 1602 ira
209 1537 336 1619 seriptis
355 1536 536 1601 immediate
555 1547 726 1619 sequentes
746 1539 979 1614 numerandos,
997 1539 1066 1620 ipse
1085 1539 1174 1602 Mar·

138 1639 244 1714 tinus,
275 1639 463 1721 comptius,
483 1639 644 1713 fautores,
673 1639 864 1702 adhaerentes
894 1650 926 1701 et
957 1651 1173 1720 receptatores

136 1741 283 1823 praedicti
304 1762 322 1801 a
341 1740 479 1820 praefatis
499 1739 662 1804 erroribus
692 1759 870 1823 eorumque
890 1740 1114 1820 praedicatione
1134 1761 1172 1805 ac

138 1842 356 1924 publicatione
376 1854 409 1904 et
434 1844 626 1914 assertione,
660 1840 850 1904 defensione
869 1863 1002 1924 quoque
1022 1853 1054 1904 et
1074 1839 1172 1903 libro-

137 1966 212 2008 rum
231 1965 291 2005 seu
311 1941 539 2024 scripturarum
558 1943 697 2007 editione
716 1965 814 2024 super
832 1943 952 2006 eisdem
972 1942 1040 2005 sive
1060 1963 1174 2006 eorum

138 2048 249 2129 aliquo
273 2043 405 2106 omnino
425 2043 592 2121 desistant,
623 2045 789 2128 librosque
816 2065 852 2106 ae
872 2043 1042 2122 scripturas
1062 2064 1174 2106 omnes
1220 2081 1222 2085 ν

140 2157 172 2208 et
189 2147 348 2227 singulas,
368 2146 518 2226 prelatos
538 2164 663 2207 errores
683 2166 740 2224 seu
759 2166 873 2208 eorrrm
893 2145 1017 2227 aliquos
1037 2166 1174 2226 quomo·

140 2248 263 2308 delibet
281 2247 498 2323 continentes,
528 2247 733 2321 comburant,
760 2249 811 2307 vel
836 2245 982 2309 comburi
1001 2245 1172 2320 saciantc);

141 2349 211 2431 ipse
243 2348 339 2410 etiam
366 2345 526 2410 Martinus
556 2367 684 2409 errores
710 2359 743 2408 et
769 2349 959 2410 assertiones
990 2345 1184 2427 hujusmodi

141 2450 275 2513 omnino
306 2459 439 2512 revocet
454 2448 482 2522 d)
515 2469 551 2510 ac
582 2449 623 2510 de
657 2449 864 2512 revocatione
896 2446 1080 2527 hujusmodi
1114 2470 1174 2529 per
1269 2435 1275 2449 ⁸

139 2553 267 2634 publiea
285 2551 476 2633 documenta
489 2550 516 2623 e)
536 2548 569 2611 in
589 2549 693 2612 forma
714 2547 794 2630 juris
815 2550 918 2611 valida
933 2545 1009 2624 siin
1027 2550 1173 2612 manibus
1226 2594 1229 2600 Δ

139 2653 282 2716 duorum
302 2653 504 2733 praelatorum
525 2651 709 2731 consignata
729 2650 769 2712 ad
788 2670 848 2713 nos
867 2648 950 2710 inira
964 2647 1041 2711 alios
1055 2649 1172 2713 similes
1273 2710 1276 2715 .

139 2754 307 2831 sexaginta
325 2753 394 2816 dies
416 2752 713 2827 transmittendas),
741 2750 793 2812 vel
813 2771 870 2830 per
889 2752 1055 2830 ipsummet
1073 2751 1113 2826 (si
1133 2750 1174 2812 ad

139 2875 200 2916 uos
220 2853 334 2917 venire
348 2848 503 2932 voluerit,
524 2855 615 2940 quod
627 2851 725 2936 magis
736 2853 888 2930 placeret)
901 2854 931 2928 h)
953 2871 1026 2914 curn
1037 2852 1170 2942 praelato

141 3002 372 3020 ψ

172 3113 204 3187 ι)
222 3115 360 3172 Domine
386 3114 494 3185 Deus,
521 3116 724 3188 possederunt
752 3131 810 3171 nos
838 3114 950 3171 domini
981 3116 1095 3189 absque
1121 3125 1171 3175 te:

206 3210 321 3257 tantum
344 3201 374 3255 in
392 3210 422 3255 te
443 3202 643 3257 recordemur
664 3201 795 3257 nominis
813 3201 866 3256 tui.
1140 3212 1145 3220 '

170 3309 204 3381 t)
225 3311 300 3367 Non
319 3309 391 3365 satis
420 3309 539 3367 dicrum
557 3321 602 3366 est
619 3312 767 3366 Decime!
795 3310 966 3382 podagricis
994 3310 1174 3381 quibusdam

207 3405 237 3450 et
258 3395 345 3451 aliter
365 3395 541 3463 morbosis,
570 3396 619 3469 qui
651 3396 679 3451 in
698 3396 815 3450 lecticis
834 3396 1008 3468 adportandi
1033 3405 1119 3465 sunt,
1138 3413 1174 3452 ao
1267 3461 1271 3468 ¹

206 3482 266 3536 illis
284 3481 374 3536 etiam
392 3480 570 3552 decrepitis,
590 3483 640 3553 qui
659 3482 794 3552 tripodes
814 3481 1020 3536 ambulabunt.

171 3593 200 3657 s)
218 3590 397 3647 Obtinuisti.
434 3590 569 3658 Ardent,
589 3592 642 3646 sed
662 3593 692 3646 in
711 3590 855 3647 cordibus
869 3591 1035 3643 bonorum.
1062 3589 1090 3644 0
1104 3607 1173 3662 per.

205 3677 360 3731 niciosum
379 3675 432 3730 tibi
450 3677 644 3733 incendium!
664 3678 736 3731 dam
758 3677 920 3743 extingue,
939 3674 964 3728 si
980 3683 1077 3744 potes.

169 3784 202 3855 d)
219 3784 411 3852 Revocsbit,
446 3797 476 3839 et
505 3786 698 3855 reclamabit,
735 3802 834 3856 neque
860 3799 997 3853 unquam
1032 3790 1171 3853 repetere

205 3870 338 3926 cessabit
356 3869 488 3926 veritatis
507 3872 658 3940 verbum,
686 3887 785 3942 nequa
803 3869 876 3929 illud
894 3869 1007 3923 oblivio
1028 3870 1178 3956 perimat..

170 3978 202 4048 e)
222 3980 329 4035 Caute.

170 4094 196 4156 t)
213 4090 248 4144 Id
267 4101 331 4159 est,
350 4091 380 4145 in
399 4091 500 4147 torrna
518 4049 661 4148 Camere·
673 4089 870 4164 Apostolicae.

171 4198 205 4269 a)
222 4201 446 4271 Transmittet,
464 4202 490 4258 si
508 4219 559 4263 me
577 4204 693 4270 audiet,
723 4209 758 4255 ut
775 4199 877 4255 videas
895 4214 1004 4266 magno
1026 4212 1097 4250 cum
1116 4196 1172 4249 do.

206 4294 275 4348 lore
292 4305 357 4351 tuo.

166 4385 203 4456 b)
221 4388 314 4442 Tune
333 4388 414 4442 eninr
434 4388 507 4442 licet
528 4389 699 4443 interlicere
718 4386 771 4442 tibi
785 4388 1014 4457 predicatorem
1028 4381 1169 4437 veritatis.

207 4473 285 4534 Non
305 4473 423 4547 absque
442 4490 533 4530 causa
551 4460 641 4530 tobes
660 4474 754 4531 allicis
772 4474 953 4530 Lutltcrum.
