2618 5108
195 823 263 898 126
517 822 685 899 Monitor
723 823 876 923 primus.

602 1015 801 1079 Monitor.

266 1115 310 1176 Et
327 1134 439 1178 aurum
457 1125 572 1179 utnon
590 1116 719 1193 habeat,
740 1117 804 1192 vis,
826 1125 859 1179 et
876 1125 1000 1191 vestes,
1021 1125 1054 1177 et
1066 1135 1215 1198 gemmas,

193 1223 225 1278 et
243 1213 451 1293 hujusmodi?

598 1324 815 1388 Lntherns.

266 1424 347 1487 Nam
366 1424 445 1509 qnid
464 1445 545 1505 opus
564 1435 613 1488 est
640 1425 688 1488 his
716 1425 777 1502 illi,
809 1422 958 1509 quicum
984 1419 1103 1504 majora
1121 1426 1218 1487 multa

66 1576 72 1596 ,
190 1524 364 1606 possideat,
395 1525 440 1588 aie
458 1525 553 1588 debet
577 1545 649 1588 esse
670 1526 812 1589 addictus
833 1524 890 1599 iis,
911 1536 946 1588 nt
966 1524 1099 1606 pedibus
1119 1528 1218 1587 calcet

190 1625 275 1702 hec,
298 1636 331 1688 ct
350 1626 483 1689 mulam
500 1647 570 1689 esse
588 1625 670 1688 inira
689 1648 723 1688 se
744 1624 936 1689 arbitretur?

608 1749 805 1813 Monitor.

268 1850 346 1932 Quae
366 1859 441 1912 aunt
460 1847 511 1912 illa
529 1860 650 1926 autem,
673 1871 743 1933 que
764 1849 893 1912 meliora
910 1849 957 1912 his
976 1848 1141 1930 possidet?

595 1975 814 2037 Lutherus.

267 2069 414 2136 Virtutes
432 2073 625 2153 possidebit,
659 2085 691 2135 et
708 2073 891 2137 divinorum
918 2072 1000 2137 illam
1025 2075 1216 2155 contempla-

189 2172 310 2238 tionem
329 2173 451 2256 putabit
470 2172 711 2253 occupationem
730 2196 827 2238 suam.

607 2282 808 2346 Monltor.

267 2387 353 2464 Quas
372 2392 408 2445 tn
427 2381 579 2454 virtutes,
609 2404 679 2467 que
700 2383 806 2447 divina
825 2383 950 2447 refers?
969 2382 1110 2448 Pecunia
1133 2404 1215 2467 opus

189 2494 239 2549 ast
259 2486 299 2548 ad
318 2503 430 2561 usum,
460 2483 508 2547 his
525 2504 597 2568 quae
617 2485 712 2565 paulo
736 2496 808 2546 ante
830 2485 898 2548 dixi
912 2486 964 2548 ‘ad
983 2486 1196 2567 splendorem.

583 2594 809 2658 Lu‘therus.

267 2693 300 2756 si
331 2712 399 2756 rem
415 2692 632 2776 introspicias‚
661 2693 747 2757 dices
765 2713 831 2754 non
846 2715 933 2768 esse;
968 2694 1025 2759 sed
1049 2705 1084 2757 nt
1104 2716 1216 2774 super·

193 2813 342 2857 vacamea
364 2793 493 2859 habebis
516 2790 701 2878 hujusmodi
728 2813 827 2876 penes
852 2815 942 2872 eum,
973 2793 1030 2880 qui
1050 2794 1220 2877 perfectus¹

189 2912 260 2959 esse
278 2893 366 2958 velit.

578 3000 802 3070 'Moniton

263 3103 306 3166 Et
328 3102 397 3167 sine
428 3101 578 3171 comitatu
603 3106 734 3167 induces
752 3104 829 3167 mihi
856 3103 998 3187 Papam?
1032 3100 1101 3169 sine
1119 3105 1214 3188 stipa·

186 3203 329 3279 toribus,
352 3225 461 3288 neque
481 3206 571 3268 voles
593 3207 738 3290 equitum
755 3217 788 3268 et
805 3205 948 3287 peditum
967 3204 1052 3288 cingi
1074 3218 1109 3269 ut
1130 3221 1214 3289 ante,

185 3303 355 3393 presidio?
778 3391 782 3396 .

587 3413 806 3478 Lutherus.

262 3515 406 3581 Primum
430 3513 509 3599 quid
534 3508 615 3596 opus
645 3529 693 3579 eat
720 3526 911 3578 armatorum
937 3509 1101 3582 hominnm
1131 3538 1211 3599 prn-

187 3618 271 3684 sidio
290 3619 336 3693 el,
363 3617 501 3699 quinon
522 3626 642 3679 tantum
664 3615 728 3678 vim
750 3615 870 3678 inferre
889 3636 932 3677 ex
953 3639 988 3680 se
1009 3618 1087 3680 nulli
1106 3617 1213 3697 debet,

187 3721 245 3783 sed
272 3740 312 3780 ne
336 3736 540 3799 propugnare
563 3716 710 3801 quidem,
743 3717 770 3781 si
803 3718 928 3780 aliunde
960 3718 1022 3781 sibi
1048 3718 1214 3802 inferatur,

106 3832 108 3836 '
185 3820 267 3884 Nam
284 3827 396 3879 contra
419 3817 541 3879 hostem
558 3816 644 3881 illum
664 3818 859 3894 animorum,
880 3819 1061 3894 diabolum,
1088 3819 1225 3903 virtuti,

185 3920 247 3984 bus
275 3915 464 3980 communiri
493 3930 638 3998 oportet,
669 3941 736 3983 non
756 3920 871 3994 lorica,
900 3929 933 3982 et
957 3923 1086 4001 clypeo,
1111 3921 1214 3985 verbo

185 4020 267 4096 Dei,
293 4040 360 4080 non
394 4015 522 4099 gladiis,
553 4030 585 4081 et
608 4019 733 4084 lanceis.
778 4014 884 4082 Porro
919 4015 1119 4084 incomitatus
1147 4044 1215 4085 non

186 4120 265 4198 erit,
283 4120 339 4202 qui
351 4120 425 4182 dato
439 4115 591 4183 virtutum
611 4141 739 4186 suarum
757 4122 970 4201 documento,
995 4133 1213 4188 consectantes

186 4242 221 4288 se
236 4221 370 4285 habebit
384 4221 458 4286 satis
475 4242 602 4305 semper
617 4226 744 4286 multos.

601 4331 797 4394 Monitor.

263 4435 306 4496 Et
326 4435 403 4497 tales
424 4453 493 4498 esse
514 4435 605 4497 voles
624 4432 676 4495 hic
695 4431 788 4496 etiam
811 4428 1010 4513 Episcopus?
