2618 5108
218 793 291 868 ³82
387 786 464 863 Ulr.
490 787 537 863 ab
562 789 704 866 Hutten
728 815 818 866 cum·
834 790 990 867 Erasmo
1014 790 1100 866 Roa

220 980 433 1058 conscientia,
453 982 511 1047 sed
530 985 582 1047 vel
600 995 745 1049 mutuato
765 984 924 1049 alortuna
936 985 1087 1063 consilio,
1113 986 1166 1046 vel
1185 983 1254 1048 ittis

216 1083 321 1147 victus
351 1081 605 1160 conditionibus,
638 1087 689 1148 vel
708 1096 813 1161 metu,
842 1097 878 1148 ut
900 1086 985 1148 dixi:
1015 1108 1056 1148 ne
1083 1086 1245 1168 oppressis

208 1183 327 1260 uobis,
348 1183 425 1246 nihil
446 1182 480 1245 in
500 1194 531 1244 te
551 1185 656 1249 mitius
678 1187 782 1270 (quod
804 1185 947 1250 futurum
967 1209 1009 1250 ne
1029 1208 1092 1268 ego
1113 1187 1246 1270 quidem

215 1285 372 1362 dubitavi)
397 1305 493 1364 quam
518 1285 552 1347 in
573 1306 764 1370 quemquam
790 1298 952 1364 nostrum,
988 1288 1028 1350 ab
1054 1286 1245 1351 adversariis

201 1390 409 1449 consulatur.
459 1386 571 1469 Itaque
591 1386 736 1449 conscius
757 1386 830 1464 tibi,
863 1389 940 1472 quid
960 1391 999 1451 ad
1019 1400 1050 1451 te
1070 1411 1110 1450 ex
1130 1391 1189 1449 hac
1209 1409 1246 1450 re

130 1483 133 1490 ¹
216 1488 389 1570 pertineat,
421 1487 524 1550 modis
555 1487 703 1550 omnibus
734 1492 913 1553 conandum
945 1487 1093 1565 statuisti,
1126 1501 1161 1550 ut
1191 1491 1246 1553 vel

100 1626 104 1633 ,
214 1588 396 1672 turpissime
424 1590 580 1652 adulando
608 1587 709 1651 futuri
737 1591 867 1655 victoris
886 1593 1170 1675 (quemadmodum
1190 1602 1244 1655 tua

215 1691 278 1755 lert
298 1692 463 1772 desperata
483 1690 691 1765 imbecillitas)
708 1690 829 1753 animos
850 1714 1064 1773 praeoccupes.
1098 1694 1136 1755 ld
1153 1694 1244 1776 quod

214 1792 278 1875 jam
296 1793 442 1855 effectum
463 1792 520 1854 tibi
538 1792 715 1867 existimas,
734 1813 841 1876 neque
860 1794 979 1878 aliquid
999 1795 1139 1870 dubitas,
1162 1794 1245 1877 quin'

212 1895 341 1958 firmatis
359 1894 392 1956 in
412 1904 443 1958 te
466 1893 576 1957 animis
598 1893 711 1956 habeas
733 1896 925 1958 adversario.
964 1896 1027 1958 Sed
1048 1895 1141 1970 vide,
1162 1895 1242 1977 quid

213 2007 336 2059 certum
362 1995 407 2058 ibi
423 1996 497 2072 sit,
531 2017 568 2058 ae
597 1995 688 2057 valde
716 2005 821 2058 tecum
852 1996 1034 2071 considera,
1064 2018 1141 2057 num
1169 1994 1241 2058 lieri

213 2100 340 2161 tandem
359 2098 474 2181 possit,
505 2109 541 2160 ut
567 2100 647 2161 lianc
671 2109 705 2160 tu
725 2097 889 2178 perfidiam
915 2097 973 2159 alia
998 2099 1065 2159 luas
1095 2096 1240 2176 perfidia.

211 2199 373 2283 Equidem
392 2211 514 2261 certum
534 2199 652 2276 habeo,
682 2200 771 2282 quod
791 2201 969 2280 (utcunque
988 2209 1024 2259 tu
1046 2200 1097 2261 vel
1117 2219 1239 2280 speres,

210 2303 264 2365 vel
284 2300 439 2376 confidas)
469 2321 528 2379 pro
549 2298 659 2361 dedito
678 2309 711 2360 et
736 2298 860 2379 captivo
881 2297 1039 2378 accipiunt
1058 2299 1109 2361 isti
1129 2301 1239 2382 magis,

213 2421 308 2486 quam
327 2411 363 2462 ut
381 2399 635 2479 reconciliatum,
658 2402 708 2462 vel
726 2399 869 2462 amicum.
909 2399 1051 2463 Primum
1066 2400 1241 2463 timuerunt

209 2514 299 2566 tuum
319 2503 450 2581 stylum,
486 2502 628 2582 experti,
655 2502 740 2563 haud
759 2512 888 2564 temere.
937 2501 1064 2564 Deinde
1084 2501 1129 2562 sic
1149 2514 1241 2583 puta·

209 2615 301 2680 runt,
328 2602 404 2666 nihil
424 2623 519 2684 posse
540 2623 618 2677 nos,
645 2614 675 2664 te
696 2613 818 2678 amoto,
852 2602 914 2663 hoc
933 2602 1029 2678 labo,
1067 2603 1125 2664 sed
1148 2605 1239 2686 quod

207 2725 269 2768 nos
299 2703 394 2767 laetari
422 2704 529 2779 decet,
572 2724 757 2784 persuasum
786 2702 844 2765 illis
875 2723 957 2766 esse.
1018 2704 1098 2765 Nam
1126 2704 1152 2765 si
1176 2706 1238 2767 hoc

209 2806 343 2869 oonsilio
374 2807 423 2884 (ut
453 2825 515 2886 ego
544 2805 674 2888 quidem
712 2805 861 2881 arbitror)
892 2816 955 2867 tam
982 2804 1098 2886 cupide
1130 2807 1171 2868 ad
1198 2827 1234 2869 se

208 2917 395 2989 traxerunt,
432 2907 523 2968 cadet
543 2905 575 2967 in
596 2905 719 2968 irritum
738 2930 795 2970 sua
813 2907 872 2969 illis
892 2926 981 2985 spes,
1009 2906 1167 2990 brevique
1187 2906 1237 2969 vi-

205 3010 344 3084 debunt,
364 3028 459 3092 quam
477 3007 539 3071 sint
555 3006 814 3171 opinioneri,
834 3017 866 3068 et
879 3008 968 3091 quod
984 3027 1042 3087 per
1056 3018 1088 3067 te
1107 3006 1237 3070 minime

207 3109 344 3183 steterit,
383 3108 552 3191 quominus
585 3128 644 3171 nos
672 3120 742 3169 ante
773 3129 801 3191 Χο
835 3110 889 3183 (ut
917 3108 961 3170 illi
988 3108 1124 3187 jactant)
1158 3109 1237 3170 abo·

206 3208 253 3272 liti
272 3220 303 3271 et
325 3208 457 3270 extincti
476 3209 582 3271 simus.
621 3208 751 3271 Interim
771 3212 968 3290 gratulentur
987 3209 1046 3271 sibi
1068 3210 1237 3273 obtentum

205 3321 257 3388 te,
288 3332 306 3372 a
333 3310 492 3393 nobisque
524 3310 703 3371 abductum.
754 3312 821 3372 Nos
849 3310 945 3373 nihilo
971 3311 1101 3392 segnius
1126 3323 1237 3375 nostra

206 3411 396 3492 curabimus.
442 3413 550 3493 Atque
577 3411 657 3472 adeo
686 3411 768 3472 bene
799 3411 914 3492 agitur.
961 3413 1036 3489 Quo
1056 3433 1115 3472 nos
1135 3411 1235 3474 admi·

205 3513 311 3577 niculo
339 3511 428 3575 inniti
458 3512 648 3588 eredebant,
690 3511 903 3575 succiderunt.
956 3512 1025 3575 Jam
1066 3513 1233 3590 videbunt,

205 3626 242 3678 ut
259 3617 323 3678 haec
341 3613 418 3676 lulta
438 3633 532 3675 causa
551 3612 600 3674 sit.
641 3614 669 3672 T
673 3635 690 3674 e
707 3612 851 3675 ferebant
870 3634 959 3688 esse,
983 3612 1037 3695 qui
1057 3636 1141 3676 unus
1158 3636 1235 3697 pos·

207 3737 273 3791 ses,
296 3716 385 3799 quotl
405 3714 492 3777 multi
512 3734 593 3776 vane
610 3713 808 3795 jactaremus.
848 3715 950 3796 Igitur
969 3715 1066 3776 modo
1081 3716 1113 3777 in
1127 3716 1234 3779 diver·

205 3839 275 3882 sum
295 3818 473 3892 abstracto,
494 3815 665 3890 videbunt,
700 3837 738 3877 an
759 3816 924 3878 indelensa
944 3814 984 3875 sit
1004 3816 1131 3878 veritas.
1178 3818 1232 3879 Tu

203 3918 401 4002 praesidium,
424 3918 576 3997 opinione
596 3918 738 3993 illorum,
759 3929 793 3979 tu
813 3940 870 3979 arx
891 3915 984 3980 nobis
1005 3937 1085 3979 eras.
1126 3919 1233 3980 Occu-

204 4029 372 4100 paverunt.
411 4018 548 4081 Habent.
588 4020 729 4098 Tempus
749 4030 813 4094 est,
833 4029 868 4079 ut
886 4019 1023 4080 mundus
1044 4031 1230 4100 cognoscat,

204 4141 299 4203 quam
315 4118 406 4181 laeile
430 4119 565 4182 delensu
592 4141 715 4202 aequum
735 4119 790 4196 sit,
812 4121 918 4203 itaque
940 4120 1014 4182 niliil
1032 4142 1091 4181 nos
1109 4132 1228 4196 movet,

202 4241 311 4305 neque
345 4221 433 4306 quod
463 4220 554 4302 potiti
586 4232 694 4302 optato
723 4221 766 4282 illi
795 4233 883 4297 sunt,
926 4244 1032 4304 neque
1070 4224 1159 4305 quod
1195 4235 1229 4285 tu

203 4324 237 4386 in
263 4322 474 4386 desideratum
500 4320 559 4384 tibi
584 4333 712 4403 portum
744 4323 865 4384 delatus
897 4344 941 4384 es.
986 4322 1014 4384 li
1033 4325 1159 4386 demum
1180 4347 1230 4388 se·

202 4425 273 4488 caari
298 4434 371 4486 sunt
404 4420 516 4502 animi,
559 4423 616 4506 qui
649 4434 770 4487 eertum
797 4423 915 4506 aliquid
942 4425 1142 4508 propositum
1173 4429 1228 4491 ha·
