2618 5108
242 57 720 242 ,nav—l
763 223 781 234 ο

565 703 741 805 Epistola
1088 654 1167 797 '287

143 900 207 965 boe
226 897 322 963 debet
341 900 459 965 docere
473 911 521 978 te,
543 903 643 985 qualis
657 907 713 983 sit,
733 917 795 971 tam
808 908 924 989 cupide
936 906 1168 976 damnationem

141 999 197 1064 abs
220 1012 251 1061 te
271 1001 472 1082 flagitantium
492 1003 691 1069 inimicorum
711 1006 781 1089 ejus
800 1009 956 1086 studium,
987 1021 1083 1094 atque
1109 1013 1167 1078 ista

140 1103 312 1192 estendere
332 1102 389 1165 tibi
412 1107 636 1170 conscientiam
658 1107 929 1193 uniuscujusque,
950 1121 1033 1172 tanta
1052 1112 1092 1174 ab
1113 1115 1168 1175 ad-

139 1203 290 1267 versitate
307 1205 377 1284 ejus
402 1203 571 1284 exultatio}
593 1225 624 1272 et
646 1210 704 1271 ista
729 1210 804 1272 nihil
824 1210 1055 1274 dissimulanter
1082 1213 1168 1278 edita

140 1304 347 1386 aproposito
370 1306 471 1369 edicto
492 1308 611 1385 laetitia,
644 1310 696 1372 isti
722 1310 848 1391 publice
874 1313 1013 1390 plausus.
1061 1315 1166 1377 Tanto

138 1407 273 1489 negotio
295 1407 446 1471 instarent
465 1409 549 1472 enim
570 1412 654 1491 apud
674 1422 723 1487 te,
757 1411 783 1473 si
815 1411 1046 1491 accusationem
1078 1438 1168 1480 suam

140 1508 326 1587 hujusmodi
342 1529 411 1569 esse
426 1510 561 1586 scirent,
581 1523 616 1573 ut
632 1511 723 1573 etiam
736 1515 950 1592 respondente
969 1536 1012 1576 ex
1031 1517 1166 1579 adverso

139 1631 218 1686 reo,
248 1611 338 1673 facile
367 1632 432 1674 eam
454 1614 590 1693 probare
620 1613 676 1674 tibi
703 1613 834 1676 liceret?
864 1615 931 1677 Aut
955 1635 1021 1676 non
1041 1617 1168 1682 taudem

138 1711 255 1786 sentis,
276 1734 342 1775 non
364 1712 517 1794 judicium
538 1715 591 1776 abs
613 1726 659 1790 te,
692 1735 757 1796 quo
777 1716 855 1777 male
875 1719 1020 1779 meritum
1039 1718 1163 1798 punias,

139 1823 343 1894 conpetere,
372 1815 428 1876 sed
449 1815 511 1876 vim
533 1836 595 1897 qua
613 1814 813 1876 innocentem
843 1817 1017 1898 opprimas,
1048 1819 1167 1903 efflagi-

138 1923 225 1989 tare,
253 1935 324 1976 cum
357 1916 417 1977 hoe
444 1915 689 1996 pertinacissime
712 1917 921 1990 contendant,
954 1939 994 1980 ne
1015 1922 1166 1983 accedere

139 2027 333 2089 Lustratum,
354 2033 408 2079 aut
427 2037 551 2080 causam
567 2039 654 2079 suam
672 2016 777 2079 dicere
791 2016 967 2096 permittas,
988 2022 1039 2080 vel
1058 2019 1168 2100 objec-

138 2121 181 2184 tis
203 2121 419 2199 respondere,
447 2130 499 2181 aut
520 2119 559 2180 de
580 2118 736 2196 imputatis
758 2117 939 2182 criminibus
961 2121 1167 2203 expurgatio-

140 2246 214 2290 nem
234 2221 401 2286 admoliri?
423 2219 487 2301 lpsi
507 2240 586 2282 vero
609 2219 653 2280 sic
674 2221 896 2299 triumpharent
916 2242 957 2282 ex
977 2221 1165 2302 edietohoe,
1272 2272 1274 2277 .

139 2327 167 2392 si
186 2327 265 2391 boni
281 2323 406 2390 essent?
425 2325 578 2411 Apagesis
590 2327 751 2391 hominum
766 2343 867 2412 genus
882 2321 1165 2410 perversissimum,

140 2430 230 2515 quod
252 2432 333 2491 nulla
354 2432 542 2494 humanitate
564 2432 742 2512 praeditum,
772 2429 958 2495 truculentia
977 2441 1009 2492 et
1028 2424 1166 2504 diritate,

136 2553 200 2614 pro
221 2532 346 2593 licentia
366 2533 517 2596 vitiorum
547 2533 580 2595 in
600 2534 702 2595 bonos
724 2530 867 2609 desevit,
895 2532 992 2618 idque
1014 2534 1060 2597 sic
1080 2532 1165 2609 lacit,

137 2648 175 2697 nt
197 2645 388 2717 tequoque,
408 2633 499 2714 eujus
524 2632 617 2696 nobis
641 2634 827 2696 existimatio
847 2655 929 2696 curre
950 2654 1020 2700 csse
1040 2655 1166 2716 semper

140 2735 254 2811 debet,
286 2735 320 2797 in
348 2752 467 2816 partem
487 2736 619 2799 infamiae
639 2747 671 2797 et
689 2735 855 2799 dedecoris
883 2757 990 2799 secum
1011 2736 1166 2803 abstrahat

137 2835 304 2917 Apagesis.
358 2837 462 2900 Etiam
481 2838 698 2900 Romanenses
727 2836 803 2900 istos
823 2839 927 2910 mitte,
962 2839 1018 2921 qui
1040 2861 1106 2902 non
1124 2842 1165 2905 ad

137 2937 201 3001 boe
229 2954 406 3013 venerunt3
427 2950 463 3001 ut
490 2941 543 3000 vel
568 2937 705 3000 amicitie
731 2938 788 3000 tibi
808 2960 880 3001 cum
899 2940 1055 3003 Pontifice
1074 2952 1165 3005 auto-

132 3054 192 3106 res
212 3052 333 3117 essent,
353 3044 404 3103 vel
424 3041 542 3125 aliquid
558 3040 770 3103 incommune
784 3042 994 3104 consulerent.
1035 3041 1166 3107 Curiosi

137 3153 171 3207 et
189 3146 403 3225 speculatores
429 3144 560 3218 adsunt,
590 3143 646 3227 qui
667 3143 772 3206 omnia
792 3143 875 3206 dicta
903 3155 934 3206 et
953 3144 1036 3207 facta
1056 3157 1166 3209 nostra

139 3244 315 3329 exquirant
334 3265 370 3305 ac
390 3244 585 3326 perdiscant,
606 3255 642 3305 ut
662 3244 734 3308 hine
753 3246 887 3307 Romam
907 3246 1062 3309 nuntient.
1100 3246 1165 3310 Ubi

137 3364 213 3409 eum
243 3347 419 3429 periculum
451 3367 519 3409 esse
552 3346 648 3408 sciret
677 3345 831 3426 providus
856 3355 937 3424 Leo,
967 3348 1032 3408 haee
1060 3347 1100 3409 ad
1130 3358 1162 3411 te

137 3448 224 3514 misit
240 3449 393 3531 pignora,
416 3471 478 3531 qun
497 3447 660 3529 negligere
680 3448 771 3509 facile
787 3459 911 3528 posset,
933 3447 1014 3508 duos
1030 3467 1162 3528 magnos

137 3551 334 3626 nebulones,
355 3549 420 3611 aliis
435 3561 530 3632 atque
550 3548 616 3610 aliis
629 3548 800 3610 instructos
821 3548 950 3624 artibus,
971 3550 1055 3609 hune
1073 3548 1163 3611 dissi·

138 3654 325 3715 midatorem
356 3655 454 3734 longe
487 3650 720 3730 peritissimum,
752 3649 838 3711 illum
863 3649 897 3711 in
927 3670 1021 3711 omne
1040 3647 1163 3711 lacinus

141 3752 291 3816 audacem
311 3763 342 3813 et
362 3752 573 3833 precipitem,
595 3763 740 3814 caeterum
759 3763 920 3833 utrunque
935 3751 1020 3811 nulla
1038 3747 1163 3814 virtutis

137 3853 448 3936 moderationisque,
468 3854 519 3913 vel
534 3853 683 3932 opinione
699 3851 873 3934 praeditum.
898 3851 1005 3933 Atque
1021 3850 1053 3914 hi
1069 3849 1164 3914 officii

137 3957 302 4018 duxerunt
312 3953 417 4017 omnia
433 3953 517 4034 apud
531 3964 563 4015 te
578 3953 732 4036 maligne,
753 3953 873 4034 perfide
883 3952 914 4026 *)
925 3950 1034 4034 inique
1048 3963 1080 4016 et
1089 3974 1162 4033 per·

135 4057 250 4122 lidiose
270 4077 376 4140 agere.
425 4057 540 4138 Neque
560 4055 649 4117 aliter
677 4055 778 4116 adhue
797 4052 943 4114 intellecti
962 4062 1045 4115 sunt.
1084 4054 1163 4133 Quae

135 4171 252 4242 petunt
270 4180 369 4234 vero,
391 4157 421 4246 si
442 4160 492 4218 vel
513 4169 597 4233 arte,
618 4158 670 4219 vel
691 4153 847 4217 blanditiis
867 4151 969 4215 minus
987 4151 1160 4227 obtineant,

136 4272 263 4325 terrore
284 4281 320 4323 ac
348 4259 440 4323 minis
460 4270 656 4342 extorquere
676 4265 863 4322 statuerunt.
913 4253 951 4317 ld
971 4253 1061 4337 quod
1080 4254 1162 4317 clare

138 4410 368 4429 m

171 4472 203 4543 ⁴)
220 4485 340 4536 Perside:
359 4492 480 4538 perverse.
