2618 5108
110 1420 284 1493 Erasmus
297 1415 568 1490 Roterodamus
589 1392 834 1490 eruditissimo
847 1386 1128 1500 Ultichonin·

114 1556 207 1654 gtio,
234 1553 330 1654 apud
352 1553 528 1650 inclytam
547 1554 799 1627 Helvetiorum
813 1553 1130 1630 civitate1u·‘Tt1ur··¹

343 1692 484 1790 regium
509 1690 762 1766 concionatori
787 1690 821 1766 S.
845 1693 894 1766 D.

506 1900 730 1921 m

117 2036 290 2153 Quoniam
321 2064 403 2128 istuc
441 2064 576 2147 primum
605 2063 677 2127 hinc
719 2066 843 2128 attatum
883 2077 931 2130 est
964 2085 1133 2145 venenum,

117 2167 258 2247 Zwingti
289 2166 487 2242 doctissime,
523 2166 626 2228 vismn
659 2176 707 2226 est
736 2165 925 2243 convenire,
955 2178 991 2229 ut
1022 2167 1136 2231 endem

116 2268 251 2350 primum
272 2267 332 2328 irct
351 2266 527 2341 antidotus,
561 2287 627 2328 non
647 2265 736 2347 quod
754 2271 921 2339 metuam,
939 2287 980 2329 nc
1000 2267 1085 2350 apud
1104 2277 1137 2328 ta

119 2381 171 2431 aut
198 2370 279 2430 tritos
308 2367 455 2429 cordatos
481 2364 568 2428 viros
599 2366 727 2428 laederet
751 2366 1014 2430 existimationem
1037 2370 1139 2431 meatu

118 2468 289 2533 Huttenica
309 2465 501 2541 criminatio,
528 2467 586 2528 sed
611 2466 713 2528 uthis
746 2488 877 2550 quoque
898 2467 1060 2541 mederer,
1082 2465 1139 2550 qui

119 2572 169 2632 vel
196 2569 269 2630 mihi
300 2588 411 2649 parum
429 2577 502 2627 sunt
526 2564 625 2649 acqui,
658 2567 708 2628 vel
736 2577 854 2630 naturas
881 2567 959 2629 vitio
991 2567 1138 2632 libentius

120 2691 157 2731 ea
187 2670 338 2743 credunt,
368 2689 436 2750 quae
467 2666 581 2728 laedunt
616 2665 729 2728 samam
760 2665 915 2742 hominis,
946 2689 1040 2750 quam
1070 2690 1139 2752 quaa

121 2769 350 2831 commendant.
400 2765 480 2848 Quis
500 2764 583 2826 enim
609 2754 659 2827 air
685 2767 788 2828 bonus
814 2777 867 2828 aut
896 2768 1043 2831 cordatus
1074 2788 1141 2831 non

122 2869 296 2932 detestetur
324 2869 385 2929 hoc
412 2868 606 2946 exemplum,
636 2867 724 2950 quod
744 2867 921 2944 Huttenus,
949 2888 1009 2930 nec
1027 2867 1141 2945 verbo,

122 2991 183 3033 nec
211 2969 296 3031 iacto
332 2987 472 3049 unquam
498 2967 588 3029 lesus
621 2989 639 3028 a
667 2987 735 3043 me,
767 2967 824 3030 sed
853 2967 898 3030 sic
927 2967 1020 3030 totics
1049 2968 1143 3031 etiam

124 3069 215 3134 editis
248 3066 460 3130 voluminibus
493 3085 579 3128 ame
607 3067 806 3148 praedicatus,
839 3078 874 3129 ut
906 3089 1000 3131 nemo
1034 3056 1142 3152 neque

123 3169 294 3251 benignius
325 3179 378 3231 aut
405 3166 584 3242 candidius,
618 3187 725 3250 neque
751 3166 909 3245 crebrius,
944 3167 1035 3230 toties
1064 3162 1142 3232 meis

124 3268 222 3331 literis
251 3267 335 3347 apud
369 3266 514 3346 primates
535 3266 621 3329 viros
643 3269 894 3345 commendatus,
928 3269 1033 3332 subito
1056 3271 1143 3332 velut

128 3389 170 3429 ex
189 3365 308 3430 insidiis
328 3368 418 3430 talem
436 3367 575 3428 libellum
600 3366 702 3428 emisit
729 3367 762 3429 iu
784 3367 933 3443 amicum,
965 3368 1143 3432 etiamtum

129 3467 345 3531 candidissime
375 3480 469 3551 atque
500 3466 706 3530 amantissime
732 3468 773 3531 de
810 3469 880 3550 ipso
911 3468 1141 3548 praedicantem,

129 3592 198 3632 cum
224 3567 284 3630 'ista
311 3567 481 3644 scriberet,
515 3566 590 3629 nihil
623 3566 763 3630 omnium
793 3569 893 3631 minus
921 3568 1141 3648 suspicantem,

129 3691 223 3755 qnam
242 3680 277 3730 ut
296 3669 335 3730 ab
348 3670 490 3730 Hntteno
510 3680 692 3730 nasceretur
712 3667 829 3751 aliquid
849 3668 1018 3747 tragoediae.
1057 3666 1144 3748 Quid

129 3769 304 3850 excogitari
334 3768 438 3850 potuit
466 3766 596 3830 alieruus
627 3767 666 3828 ab
697 3767 783 3829 omni
809 3768 995 3828 humanitate
1016 3769 1144 3853 fideque

130 3869 332 3944 Germanica,
354 3867 432 3950 quid
453 3867 588 3947 optatius
607 3880 661 3931 aut
680 3869 797 3949 gratius
817 3868 971 3930 bonarum
986 3868 1145 3932 literarum

127 3969 288 4043 hostibus,
328 3967 405 4051 quid
435 3966 512 4048 ipsis
544 3966 636 4030 bonis
664 3965 759 4028 literis
790 3967 1037 4046 incommodius,
1067 3970 1145 4054 quid

129 4068 325 4149 Euangeliou
370 4067 503 4149 negotio
538 4065 761 4146 perniciosius,
805 4077 859 4131 aut
888 4065 915 4130 si
948 4065 1025 4151 libet
1054 4070 1147 4134 etiam

130 4171 339 4244 Lutherano,
360 4165 412 4229 cui
432 4187 467 4227 se
485 4165 578 4247 jactat
596 4165 731 4229 favere?
762 4168 883 4230 Bellum
902 4154 1059 4230 indixerat
1078 4171 1147 4233 Ro-

131 4268 348 4344 manensibns,
386 4279 416 4330 et
453 4268 586 4331 amicum
617 4265 826 4330 sincerissime
854 4279 1026 4346 amantem,
1063 4271 1148 4334 nulla

133 4369 386 4451 expostulatione
413 4367 589 4448 proemissa,
615 4378 677 4430 tam
703 4369 897 4430 amarulento
924 4367 1029 4431 tibetto
1058 4369 1149 4432 inex·

132 4479 306 4553 peccantem
326 4468 526 4550 aggreditur,
545 4478 580 4531 ut
599 4466 632 4531 in
650 4467 769 4531 nullum
788 4469 910 4533 honam
929 4468 1032 4532 adhuc
1049 4470 1149 4553 scrip·
