2618 5108
205 791 284 865 dmi
558 785 716 886 Spongia
739 784 881 861 Erasmi

213 981 276 1044 illic
295 978 488 1042 Reuchlinus
506 978 670 1042 haereticus
689 977 781 1058 joco,
800 979 857 1041 sed
875 989 977 1040 tamen
995 973 1230 1040 traducebatur.

213 1082 256 1143 m
271 1079 421 1155 arbitror,
441 1099 501 1141 uec
519 1077 622 1160 ipsum
634 1099 675 1140 eo
694 1080 798 1142 libello
817 1081 1012 1142 delectatum.
1049 1076 1111 1138 Ubi
1130 1077 1233 1138 redia-

204 1176 280 1244 'aem
298 1179 332 1242 in
350 1176 567 1253 Brabautiam,
594 1179 679 1241 sensi
701 1181 872 1263 plerusque
889 1180 1092 1251 continuare,
1124 1194 1234 1238 meum

210 1302 286 1346 esse
309 1291 531 1344 commentum.
590 1279 749 1361 Equidem
780 1300 847 1342 nou
878 1279 1061 1362 ignorabam
1090 1286 1232 1351 satores,

210 1404 286 1446 nam
303 1394 368 1445 tres
385 1381 486 1444 fnisse
502 1366 698 1442 terebantur.
745 1380 781 1441 ln
800 1379 956 1442 neminem
976 1377 1117 1440 derivavi
1137 1378 1233 1438 ullam

214 1483 438 1562 suspicionem.
498 1483 651 1558 Tantum,
690 1482 823 1562 epistola
851 1481 945 1542 missa
974 1482 1012 1541 ad
1046 1494 1233 1561 emerium,

204 1582 427 1660 suspicionem
457 1582 577 1644 falsam·
597 1602 616 1644 a
640 1603 691 1644 me
721 1581 838 1660 depuli.
876 1581 924 1644 Ea
949 1579 1096 1661 epistola,
1122 1583 1235 1647 furtim

212 1682 372 1761 descripta
394 1681 552 1757 Colonie,
572 1700 650 1744 mox
667 1701 786 1743 excusa
805 1691 853 1741 est
871 1680 963 1761 typis.
1009 1683 1096 1763 Quid
1115 1685 1164 1745 hic
1184 1695 1235 1747 eat

205 1780 383 1844 admissum
416 1781 552 1858 llngitii?
587 1781 652 1844 Res
681 1780 757 1843 milri
781 1802 857 1842 vere
881 1780 1091 1858 displicebat?
1121 1782 1235 1846 salsam

211 1882 428 1962 suspicionem
446 1901 528 1943 ame
547 1882 670 1962 depuli,
691 1882 816 1944 nemine
828 1890 947 1945 notatu.
987 1882 1142 1944 Successit
1155 1904 1234 1945 mox

209 1984 291 2045 ulter
314 1981 435 2045 libellus
462 1981 580 2044 similis.
617 1984 698 2043 Eum
723 1981 797 2044 mihi
816 1979 953 2042 Levanii
978 1981 1064 2043 dono
1094 1983 1235 2046 oblatum

214 2083 359 2164 accipere
377 2083 533 2145 recusavi.
580 2082 739 2144 Reousavi
764 2092 795 2141 et
821 2081 963 2161 dialogos
992 2080 1109 2144 similes
1129 2082 1233 2145 lerme

213 2196 287 2265 post
306 2203 443 2245 excusos
463 2181 616 2256 Coloniae,
633 2201 693 2244 uec
713 2201 849 2262 unquam
868 2183 975 2261 legere
989 2182 1137 2263 dignatus
1152 2203 1233 2244 sum.

213 2284 256 2344 Et
275 2283 350 2344 ideo
369 2282 550 2343 damnabam
574 2283 655 2356 baec,
682 2281 770 2364 quod
796 2279 954 2356 viderem,
985 2281 1059 2343 nihil
1081 2281 1164 2343 aliud
1185 2284 1234 2344 his

209 2381 310 2444 rebus
330 2382 425 2455 ellici,
459 2381 519 2443 uisi
546 2380 635 2463 qnod
662 2382 752 2444 bonae
780 2381 873 2444 literae
898 2393 929 2442 et
946 2401 1039 2444 causa
1059 2383 1236 2464 Capnionia

214 2493 386 2542 vocaretur
416 2478 448 2541 in
476 2480 598 2556 odium,
637 2494 669 2544 et
694 2484 798 2543 hostes
828 2483 1093 2544 exacerbarentur
1122 2485 1234 2566 magia,

208 2581 307 2663 qaum
329 2581 593 2660 opprimerentur.
632 2583 781 2662 eraenam
799 2581 860 2643 luit
875 2582 925 2643 hic
939 2581 1130 2646 imbecillitas
1149 2603 1233 2660 mea,

208 2692 269 2744 'aut
288 2680 517 2745 inconstantia?
537 2680 624 2745 Exiit
642 2694 713 2745 ante
732 2682 892 2743 biennium
908 2682 1067 2761 dialogus,
1088 2683 1140 2744 cui
1156 2684 1236 2746 titu-

213 2783 282 2857 lus,
299 2783 333 2843 ni
351 2782 458 2843 fallor:
479 2783 700 2854 „llochstratus
721 2789 852 2856 ovans“,
873 2782 929 2864 qui
939 2781 1041 2844 videri
1057 2793 1185 2860 poterat
1200 2782 1234 2844 in

208 2878 346 2963 'gratiam
374 2885 477 2943 iucem
504 2883 650 2962 scriptus.
707 2883 822 2942 Nonne
859 2894 1038 2944 constanter
1067 2895 1099 2943 et
1131 2885 1236 2961 palam

216 2980 303 3043 illum
321 2982 482 3055 damnavi,
513 3001 550 3042 ac
568 2982 670 3042 modis
690 2982 834 3041 omnibus
862 2983 934 3062 egi,
955 2993 990 3043 ut
1008 2984 1234 3065 premeretur?

217 3080 295 3141 Haec
326 3100 411 3143 artie
430 3101 495 3142 nun
516 3081 594 3162 fingi
613 3080 673 3140 sibi
700 3081 845 3143 conscius
871 3093 934 3156 est,
964 3091 997 3144 et
1025 3083 1081 3164 qui
1106 3082 1234 3162 scripsit

217 3179 395 3260 dialogum,
421 3180 528 3263 etqui
546 3181 590 3243 illi
609 3181 670 3242 luit
688 3180 721 3242 in
740 3182 883 3244 consilio.
922 3184 1006 3243 Ecce
1026 3192 1129 3244 autem
1149 3183 1236 3243 aliud

218 3280 336 3342 crimen
352 3280 510 3343 atrocius:
532 3281 593 3353 „ln
605 3282 735 3361 epistola
755 3284 888 3363 quadam
908 3282 1024 3356 scribo,
1045 3279 1237 3360 Capitonem

208 3381 251 3445 in
278 3380 375 3444 literis
403 3381 567 3446 Hebraicis
600 3384 773 3444 doctiorem
802 3382 1006 3445 Reuchlino.“
1043 3383 1148 3444 Deum
1175 3383 1236 3445 im-

210 3474 391 3557 inormem,
419 3493 550 3564 quantas
575 3483 627 3545 bic
646 3484 761 3545 excitat
779 3482 945 3563 tragoedias
963 3483 1141 3558 Huttenns,
1174 3505 1235 3564 pe-

211 3583 309 3646 rinde
324 3584 425 3665 quasi
449 3582 607 3646 hominem
631 3604 756 3647 venenu
777 3585 956 3646 necassem!
995 3582 1129 3645 Constat
1147 3581 1235 3663 Cap-

216 3683 344 3745 uionem
365 3682 537 3765 principem
556 3685 655 3747 fnisse
681 3685 846 3747 literaturae
864 3683 1027 3746 Hebraicae
1047 3683 1132 3763 apud
1150 3683 1235 3745 Ger-

207 3802 324 3845 manos
343 3782 560 3846 instaurandae.
597 3787 649 3846 An
668 3785 712 3846 illi
729 3786 958 3846 dedecorosum
977 3783 1091 3859 fuerit,
1111 3782 1138 3845 si
1158 3783 1232 3865 quis

210 3885 364 3948 succedat
393 3905 435 3969 eo
469 3884 621 3947 doctior?
658 3888 729 3966 ligo
756 3886 852 3967 magis
880 3884 1053 3965 gloriosum
1084 3883 1234 3946 arbitror.

212 3986 339 4047 ‘Utinam
361 4006 418 4048 sex
437 3984 530 4048 millia
548 3987 731 4061 succedant,
752 3987 808 4068 qui
821 4007 871 4047 me
892 3984 976 4046 omui
993 3983 1094 4047 laudis
1112 4004 1233 4066 genere

210 4097 423 4166 presumant,
444 4086 536 4147 etiam
556 4087 771 4167 superstitem!
809 4087 860 4147 An
886 4088 975 4148 laesus
1005 4097 1052 4148 est
1071 4084 1230 4165 Capnion,

213 4184 336 4248 sicum
362 4184 591 4249 illuminares
622 4187 727 4266 glorie
752 4184 948 4260 collocarim,
981 4184 1169 4266 Capitonem
1188 4184 1233 4246 illi

216 4287 397 4367 presseram,
425 4288 458 4348 in
478 4285 575 4351 literis
593 4289 742 4350 duntaxat
764 4286 950 4348 Hebraicis?
975 4287 1053 4356 „Sed
1073 4283 1232 4348 obscuris·

214 4386 348 4460 simiam,
380 4387 503 4470 iuquit,
538 4386 712 4464 bominem,
737 4384 905 4457 clarissimo
937 4392 1124 4477 comparas.“
1161 4387 1232 4447 Nec
