2618 5108
637 1175 683 1253 ll.

98 1402 100 1405 ·
141 1372 362 1477 Imperatori
379 1372 518 1452 Caesari
532 1375 666 1450 Carolo
679 1379 715 1461 ⁴⁵)
733 1370 900 1449 Ulrichus
915 1374 961 1448 ab
977 1373 1119 1446 Hutten
1133 1369 1168 1446 S.

559 1549 727 1566 m
808 1557 818 1563 ·.

140 1647 184 1743 Si
203 1681 265 1744 lroe
285 1690 369 1744 esset
388 1678 553 1743 decretum
572 1676 645 1752 tibi,
679 1675 874 1761 imperaror,
903 1675 1065 1740 communi
1087 1677 1169 1742 Ger·

141 1783 249 1847 mania
280 1781 387 1856 bono,
421 1801 569 1862 magnum
602 1779 732 1862 aliquod
758 1792 790 1842 et
818 1778 1021 1852 memorabile
1049 1777 1170 1841 incom-

141 1881 291 1957 modum,
317 1892 354 1943 ut
379 1883 477 1944 velles
496 1883 579 1944 ultro
599 1880 632 1943 in
651 1892 682 1943 te
702 1879 860 1963 accipere,
891 1891 944 1942 aut
967 1879 1096 1942 evidens
1117 1878 1170 1942 ali·

139 1984 233 2069 quod
265 1982 354 2047 adire
382 1981 575 2064 periculum,
606 2003 669 2065 qua
697 2004 804 2045 sumus
834 2002 910 2062 erga
940 1992 972 2042 te
1001 1980 1169 2044 affectione

140 2085 308 2162 Germani,
336 2096 414 2166 puto
444 2082 565 2166 magnis
584 2082 751 2144 conatibus
777 2083 1016 2168 adversaremur
1036 2079 1103 2144 tibi.
1120 2082 1169 2156 Μ)

89 2190 92 2194 “
141 2186 253 2269 Aegre
274 2183 358 2250 enirn
379 2184 472 2246 laturi
490 2182 689 2258 videremur,
717 2194 748 2245 te
767 2204 833 2245 non
853 2183 1019 2257 incolumi,
1040 2193 1094 2243 aut
1115 2181 1169 2245 ali·

142 2296 297 2368 quantum
312 2282 496 2358 imminuto,
515 2283 611 2345 rebus
629 2284 745 2347 nostris
761 2286 950 2346 consultum.
988 2283 1032 2346 At
1047 2294 1168 2365 quanto

140 2384 241 2465 tnagis
259 2384 369 2448 lacere
387 2384 449 2446 hoc
468 2382 577 2458 decet,
598 2403 670 2445 cum
690 2403 801 2445 errore
815 2384 967 2465 deceptus
980 2394 1032 2457 tu,
1055 2405 1168 2466 magna

141 2495 323 2548 nostrarum
340 2482 479 2565 jactura,
501 2504 538 2545 ec
557 2482 793 2565 incomparabili
812 2506 914 2567 prope
927 2483 1055 2565 publico
1076 2488 1169 2561 malo,

141 2583 211 2668 ipse
242 2595 273 2649 te
304 2585 462 2667 perditum
491 2584 529 2647 is.
579 2582 666 2665 Quid
696 2585 780 2648 aliud
810 2586 894 2650 eninr
920 2588 1013 2674 habet
1034 2598 1169 2656 Lachere·

142 2704 256 2762 causa,
288 2706 384 2769 qtrem
411 2697 443 2749 et
460 2695 575 2749 nostre
595 2684 747 2748 libertatis
775 2692 1036 2768 oppressionem,
1071 2704 1104 2754 et
1124 2691 1171 2755 tui

142 2799 241 2852 slatus
262 2786 520 2862 convulsionem,
551 2784 710 2868 dignitatis
738 2790 1028 2868 proculcationem?
1060 2795 1169 2873 Quare

135 2891 347 2963 ‚vehementer
360 2889 563 2950 adnitendum
583 2888 728 2951 omnibus
749 2890 902 2966 arbitror,
923 2904 958 2955 ut
980 2892 1053 2954 inde
1073 2916 1169 2956 revo-

143 3010 252 3053 cemus
272 3005 320 3065 te,
350 3010 415 3074 quo
435 3011 520 3051 nunc
538 3001 624 3050 tanto
643 3010 713 3049 cum
734 2990 924 3055 detrimento
944 2994 1092 3075 publico,
1115 3016 1170 3074 pa·

142 3088 222 3152 riter
241 3110 276 3152 ac
304 3104 378 3164 tuo,
404 3089 582 3152 contendis.
631 3090 738 3173 thue
757 3094 936 3168 monendo,
967 3096 1166 3158 exhortando

144 3200 178 3253 et
207 3192 329 3253 orando
357 3189 538 3265 efficiamus,
581 3201 617 3253 ut
643 3191 773 3274 dignum
798 3206 854 3256 tuo
886 3215 1021 3276 genere,
1049 3206 1168 3279 tuaque

143 3290 275 3373 dignum
293 3289 422 3353 fortuna
449 3290 593 3372 spiritum
612 3292 726 3372 capias.
774 3296 849 3356 Non
878 3296 966 3378 quod
991 3295 1167 3359 existimem

143 3396 222 3456 mala
241 3402 346 3454 mente
366 3403 419 3454 aut
439 3391 590 3472 opinione
611 3396 777 3476 quicquam
797 3397 910 3458 horum
930 3409 1081 3476 agerere.
1105 3399 1168 3460 Sed

143 3495 227 3560 inter
246 3494 394 3575 optimam
414 3492 635 3556 conscientiam
655 3506 686 3556 et
707 3496 859 3574 pessimos
880 3500 1081 3560 consultores
1102 3519 1167 3561 me·

124 3596 232 3674 dius,
253 3600 345 3679 plane
366 3594 444 3679 quid
465 3596 664 3678 sequendum
685 3595 741 3657 tibi
760 3596 816 3672 sit,
837 3598 1001 3679 despicere
1022 3619 1090 3660 non
1109 3620 1169 3678 po·

143 3709 202 3764 tes.
241 3699 384 3762 Proinde
404 3697 483 3761 istos
509 3699 560 3765 vel
580 3698 619 3758 ed
638 3698 761 3777 tempus
782 3699 874 3782 abige
893 3700 948 3762 abs
968 3710 999 3761 te
1020 3702 1169 3763 sacerdo·

143 3811 191 3864 tes
211 3799 338 3861 minime
358 3809 470 3881 aptos,
504 3788 694 3882 quibuscum
726 3799 789 3861 hoc
807 3821 913 3863 rerum
934 3813 1017 3863 statu
1037 3801 1168 3863 conflic-

144 3900 239 3978 teris,
260 3922 332 3963 cum
352 3900 427 3983 quia
445 3922 607 3984 nunquam
626 3901 709 3963 bene
728 3904 907 3964 consultum
927 3901 1026 3964 fuisse
1047 3903 1087 3964 ab
1106 3905 1167 3965 hoc

144 4001 307 4065 bominum
325 4022 444 4086 genere
455 4001 628 4081 majoribus
647 4004 722 4077 tuis,
745 4003 899 4065 Romanis
920 4004 1169 4086 imperatoribus

143 4119 256 4168 notum
282 4118 347 4181 est,
376 4115 444 4166 tum
472 4103 578 4176 etiam,
610 4103 685 4185 quia
716 4124 801 4165 nunc
828 4104 963 4166 maxime
991 4106 1170 4186 perniciosa

143 4208 278 4270 suadere
299 4228 354 4270 eos
375 4204 650 4285 deprehendimus.
702 4204 788 4285 Quid
801 4217 915 4286 posset
935 4207 1019 4268 enim
1039 4210 1090 4270 vel
1109 4207 1169 4269 ini-

144 4308 239 4395 quius
260 4309 316 4371 abs
336 4319 367 4370 te
387 4307 475 4384 lieri,
496 4327 591 4390 quam
611 4307 700 4389 quod
718 4306 769 4368 isti
788 4319 934 4384 monent,
956 4309 1060 4370 delato
1080 4309 1120 4370 ab
1132 4330 1169 4371 se
1201 4391 1205 4399 1

143 4431 370 4448 m

180 4493 209 4560 ¹⁵)
230 4501 296 4548 Naelr
316 4501 402 4547 carolo
423 4499 454 4545 lat
471 4500 512 4545 das
530 4498 628 4547 lrtlhere
644 4500 812 4546 leelctlssr‘mo
833 4504 907 4558 atque
934 4501 1028 4554 optimo
1048 4500 1168 4558 durchgev

209 4587 323 4634 strichen.
377 4577 420 4647 l*)
441 4587 513 4634 rtet:
531 4587 663 4647 bergense
