<?xml version="1.0" encoding="UTF-8"?>
<!DOCTYPE html PUBLIC "-//W3C//DTD XHTML 1.0 Transitional//EN"
    "http://www.w3.org/TR/xhtml1/DTD/xhtml1-transitional.dtd">
<html xmlns="http://www.w3.org/1999/xhtml" xml:lang="en" lang="en">
 <head>
  <title>
</title>
<meta http-equiv="Content-Type" content="text/html;charset=utf-8" />
  <meta name='ocr-system' content='tesseract 3.04.00' />
  <meta name='ocr-capabilities' content='ocr_page ocr_carea ocr_par ocr_line ocrx_word'/>
</head>
<body>
  <div class='ocr_page' id='page_1' title='image "./ulrichiabhutten00mngoog_0219.png"; bbox 0 0 2618 5108; ppageno 0'>
   <div class='ocr_carea' id='block_1_1' title="bbox 455 815 1172 920">
    <p class='ocr_par' dir='ltr' id='par_1_1' title="bbox 455 815 1172 920">
     <span class='ocr_line' id='line_1_1' title="bbox 455 815 1172 920; baseline 0.004 -29"><span class='ocrx_word' id='word_1_1' title='bbox 455 815 657 892; x_wconf 74' lang='lat' dir='ltr'>Praedones</span> <span class='ocrx_word' id='word_1_2' title='bbox 702 816 889 920; x_wconf 73' lang='lat' dir='ltr'><strong>Dialogus.</strong></span> <span class='ocrx_word' id='word_1_3' title='bbox 1099 822 1172 895; x_wconf 81' lang='lat'><strong>203</strong></span> 
     </span>
    </p>
   </div>
   <div class='ocr_carea' id='block_1_2' title="bbox 152 1007 1174 1285">
    <p class='ocr_par' dir='ltr' id='par_1_2' title="bbox 152 1007 1174 1285">
     <span class='ocr_line' id='line_1_2' title="bbox 541 1007 799 1074; baseline 0.016 -4"><span class='ocrx_word' id='word_1_4' title='bbox 541 1007 799 1074; x_wconf 84' lang='lat' dir='ltr'><strong>Franciscus.</strong></span> 
     </span>
     <span class='ocr_line' id='line_1_3' title="bbox 231 1103 1174 1192; baseline 0.004 -26"><span class='ocrx_word' id='word_1_5' title='bbox 231 1103 334 1186; x_wconf 79' lang='lat' dir='ltr'>Igitur</span> <span class='ocrx_word' id='word_1_6' title='bbox 352 1104 384 1168; x_wconf 93' lang='lat' dir='ltr'><strong>in</strong></span> <span class='ocrx_word' id='word_1_7' title='bbox 406 1108 468 1169; x_wconf 90' lang='lat' dir='ltr'><strong>hoc</strong></span> <span class='ocrx_word' id='word_1_8' title='bbox 487 1109 660 1192; x_wconf 79' lang='lat' dir='ltr'><strong>nequiores</strong></span> <span class='ocrx_word' id='word_1_9' title='bbox 678 1103 771 1172; x_wconf 82' lang='lat' dir='ltr'><strong>vobis</strong></span> <span class='ocrx_word' id='word_1_10' title='bbox 788 1120 861 1172; x_wconf 88' lang='lat' dir='ltr'><strong>sunt</strong></span> <span class='ocrx_word' id='word_1_11' title='bbox 882 1109 995 1173; x_wconf 85' lang='lat' dir='ltr'><strong>divites</strong></span> <span class='ocrx_word' id='word_1_12' title='bbox 1014 1107 1062 1184; x_wconf 90' lang='lat' dir='ltr'><strong>hi,</strong></span> <span class='ocrx_word' id='word_1_13' title='bbox 1084 1107 1174 1192; x_wconf 81' lang='lat' dir='ltr'><strong>quod</strong></span> 
     </span>
     <span class='ocr_line' id='line_1_4' title="bbox 152 1203 1174 1285; baseline 0.002 -19"><span class='ocrx_word' id='word_1_14' title='bbox 152 1220 196 1266; x_wconf 82' lang='lat' dir='ltr'><strong>ex</strong></span> <span class='ocrx_word' id='word_1_15' title='bbox 219 1203 363 1266; x_wconf 87' lang='lat' dir='ltr'><strong>instituto</strong></span> <span class='ocrx_word' id='word_1_16' title='bbox 384 1206 508 1270; x_wconf 88' lang='lat' dir='ltr'><strong>divitias</strong></span> <span class='ocrx_word' id='word_1_17' title='bbox 535 1228 606 1272; x_wconf 89' lang='lat' dir='ltr'><strong>cum</strong></span> <span class='ocrx_word' id='word_1_18' title='bbox 626 1210 762 1272; x_wconf 86' lang='lat' dir='ltr'><strong>debeant</strong></span> <span class='ocrx_word' id='word_1_19' title='bbox 784 1221 1006 1285; x_wconf 80' lang='lat' dir='ltr'><strong>contemnere,</strong></span> <span class='ocrx_word' id='word_1_20' title='bbox 1035 1211 1108 1271; x_wconf 83' lang='lat' dir='ltr'><strong>solta</strong></span> <span class='ocrx_word' id='word_1_21' title='bbox 1125 1207 1174 1271; x_wconf 84' lang='lat' dir='ltr'><strong>his</strong></span> 
     </span>
    </p>
   </div>
   <div class='ocr_carea' id='block_1_3' title="bbox 152 1303 1174 1486">
    <p class='ocr_par' dir='ltr' id='par_1_3' title="bbox 152 1303 1174 1486">
     <span class='ocr_line' id='line_1_5' title="bbox 152 1303 1174 1387; baseline 0.003 -23"><span class='ocrx_word' id='word_1_22' title='bbox 152 1324 211 1385; x_wconf 87' lang='lat' dir='ltr'><strong>per</strong></span> <span class='ocrx_word' id='word_1_23' title='bbox 236 1303 284 1366; x_wconf 88' lang='lat' dir='ltr'><strong>las</strong></span> <span class='ocrx_word' id='word_1_24' title='bbox 311 1315 344 1365; x_wconf 91' lang='lat' dir='ltr'><strong>et</strong></span> <span class='ocrx_word' id='word_1_25' title='bbox 360 1306 450 1370; x_wconf 80' lang='lat' dir='ltr'><strong>nefas</strong></span> <span class='ocrx_word' id='word_1_26' title='bbox 470 1307 606 1387; x_wconf 88' lang='lat' dir='ltr'><strong>inhiant,</strong></span> <span class='ocrx_word' id='word_1_27' title='bbox 637 1311 815 1385; x_wconf 75' lang='lat' dir='ltr'><strong>adseculas,</strong></span> <span class='ocrx_word' id='word_1_28' title='bbox 835 1309 869 1372; x_wconf 91' lang='lat' dir='ltr'><strong>in</strong></span> <span class='ocrx_word' id='word_1_29' title='bbox 892 1312 970 1372; x_wconf 88' lang='lat' dir='ltr'><strong>luxu</strong></span> <span class='ocrx_word' id='word_1_30' title='bbox 998 1319 1030 1370; x_wconf 90' lang='lat' dir='ltr'><strong>et</strong></span> <span class='ocrx_word' id='word_1_31' title='bbox 1047 1305 1174 1368; x_wconf 81' lang='lat' dir='ltr'><strong>lascivia</strong></span> 
     </span>
     <span class='ocr_line' id='line_1_6' title="bbox 153 1403 336 1486; baseline -0.005 -21"><span class='ocrx_word' id='word_1_32' title='bbox 153 1403 336 1486; x_wconf 83' lang='lat' dir='ltr'><strong>prodigunt.</strong></span> 
     </span>
    </p>
   </div>
   <div class='ocr_carea' id='block_1_4' title="bbox 230 1533 776 1695">
    <p class='ocr_par' dir='ltr' id='par_1_4' title="bbox 230 1533 776 1695">
     <span class='ocr_line' id='line_1_7' title="bbox 557 1533 776 1596; baseline 0 0"><span class='ocrx_word' id='word_1_33' title='bbox 557 1533 776 1596; x_wconf 80' lang='lat' dir='ltr'><strong>Mercator.</strong></span> 
     </span>
     <span class='ocr_line' id='line_1_8' title="bbox 230 1627 404 1695; baseline 0.023 -4"><span class='ocrx_word' id='word_1_34' title='bbox 230 1627 278 1693; x_wconf 86' lang='lat' dir='ltr'><strong>lta</strong></span> <span class='ocrx_word' id='word_1_35' title='bbox 294 1628 404 1695; x_wconf 78' lang='lat' dir='ltr'><strong>video.</strong></span> 
     </span>
    </p>
   </div>
   <div class='ocr_carea' id='block_1_5' title="bbox 150 1753 1175 2142">
    <p class='ocr_par' dir='ltr' id='par_1_5' title="bbox 150 1753 1175 2142">
     <span class='ocr_line' id='line_1_9' title="bbox 527 1753 787 1820; baseline 0.008 -3"><span class='ocrx_word' id='word_1_36' title='bbox 527 1753 787 1820; x_wconf 80' lang='lat' dir='ltr'><strong>Franciscus.</strong></span> 
     </span>
     <span class='ocr_line' id='line_1_10' title="bbox 226 1853 1172 1940; baseline 0.001 -26"><span class='ocrx_word' id='word_1_37' title='bbox 226 1853 345 1937; x_wconf 85' lang='lat' dir='ltr'><strong>Neque</strong></span> <span class='ocrx_word' id='word_1_38' title='bbox 363 1862 427 1928; x_wconf 88' lang='lat' dir='ltr'><strong>est,</strong></span> <span class='ocrx_word' id='word_1_39' title='bbox 448 1853 505 1936; x_wconf 79' lang='lat' dir='ltr'><strong>qui</strong></span> <span class='ocrx_word' id='word_1_40' title='bbox 519 1854 642 1918; x_wconf 84' lang='lat' dir='ltr'><strong>avarius</strong></span> <span class='ocrx_word' id='word_1_41' title='bbox 658 1868 776 1940; x_wconf 69' lang='lat' dir='ltr'><strong>«mearat</strong></span> <span class='ocrx_word' id='word_1_42' title='bbox 791 1876 887 1919; x_wconf 87' lang='lat' dir='ltr'><strong>nunc.</strong></span> <span class='ocrx_word' id='word_1_43' title='bbox 923 1853 1040 1917; x_wconf 85' lang='lat' dir='ltr'><strong>Vidisti</strong></span> <span class='ocrx_word' id='word_1_44' title='bbox 1059 1863 1172 1923; x_wconf 87' lang='lat' dir='ltr'><strong>autem,</strong></span> 
     </span>
     <span class='ocr_line' id='line_1_11' title="bbox 153 1951 1175 2038; baseline -0.001 -22"><span class='ocrx_word' id='word_1_45' title='bbox 153 1951 208 2038; x_wconf 85' lang='lat' dir='ltr'><strong>qni</strong></span> <span class='ocrx_word' id='word_1_46' title='bbox 227 1953 439 2016; x_wconf 84' lang='lat' dir='ltr'><strong>sacerdotium</strong></span> <span class='ocrx_word' id='word_1_47' title='bbox 466 1954 595 2016; x_wconf 82' lang='lat' dir='ltr'><strong>ambiret</strong></span> <span class='ocrx_word' id='word_1_48' title='bbox 612 1955 673 2016; x_wconf 92' lang='lat' dir='ltr'><strong>hoc</strong></span> <span class='ocrx_word' id='word_1_49' title='bbox 701 1966 862 2036; x_wconf 87' lang='lat' dir='ltr'><strong>tempore,</strong></span> <span class='ocrx_word' id='word_1_50' title='bbox 889 1951 982 2017; x_wconf 89' lang='lat' dir='ltr'><strong>alium</strong></span> <span class='ocrx_word' id='word_1_51' title='bbox 1007 1953 1040 2016; x_wconf 91' lang='lat' dir='ltr'><strong>in</strong></span> <span class='ocrx_word' id='word_1_52' title='bbox 1058 1954 1175 2031; x_wconf 79' lang='lat' dir='ltr'><strong>iurem,</strong></span> 
     </span>
     <span class='ocr_line' id='line_1_12' title="bbox 150 2052 1144 2142; baseline -0.003 -25"><span class='ocrx_word' id='word_1_53' title='bbox 150 2075 249 2142; x_wconf 55' lang='lat' dir='ltr'><strong>vam</strong></span> <span class='ocrx_word' id='word_1_54' title='bbox 268 2064 303 2116; x_wconf 86' lang='lat' dir='ltr'><strong>ut</strong></span> <span class='ocrx_word' id='word_1_55' title='bbox 322 2054 586 2135; x_wconf 80' lang='lat' dir='ltr'><strong>locupletaretur,</strong></span> <span class='ocrx_word' id='word_1_56' title='bbox 606 2055 800 2139; x_wconf 85' lang='lat' dir='ltr'><strong>quiesceret,</strong></span> <span class='ocrx_word' id='word_1_57' title='bbox 819 2075 856 2118; x_wconf 93' lang='lat' dir='ltr'><strong>ac</strong></span> <span class='ocrx_word' id='word_1_58' title='bbox 877 2055 994 2137; x_wconf 84' lang='lat' dir='ltr'><strong>volupe</strong></span> <span class='ocrx_word' id='word_1_59' title='bbox 1014 2052 1144 2138; x_wconf 76' lang='lat' dir='ltr'><strong>ageret?</strong></span> 
     </span>
    </p>
   </div>
   <div class='ocr_carea' id='block_1_6' title="bbox 228 2176 801 2344">
    <p class='ocr_par' dir='ltr' id='par_1_6' title="bbox 228 2176 801 2344">
     <span class='ocr_line' id='line_1_13' title="bbox 560 2176 801 2259; baseline 0.008 -18"><span class='ocrx_word' id='word_1_60' title='bbox 560 2176 801 2259; x_wconf 52' lang='lat' dir='ltr'><strong>Mercator„</strong></span> 
     </span>
     <span class='ocr_line' id='line_1_14' title="bbox 228 2274 404 2344; baseline 0.011 -2"><span class='ocrx_word' id='word_1_61' title='bbox 228 2277 307 2342; x_wconf 86' lang='lat' dir='ltr'><strong>Non</strong></span> <span class='ocrx_word' id='word_1_62' title='bbox 325 2274 404 2344; x_wconf 85' lang='lat' dir='ltr'><strong>vidi.</strong></span> 
     </span>
    </p>
   </div>
   <div class='ocr_carea' id='block_1_7' title="bbox 87 2402 1239 4191">
    <p class='ocr_par' dir='ltr' id='par_1_7' title="bbox 557 2402 772 2468">
     <span class='ocr_line' id='line_1_15' title="bbox 557 2402 772 2468; baseline 0.009 -3"><span class='ocrx_word' id='word_1_63' title='bbox 557 2402 772 2468; x_wconf 82' lang='lat' dir='ltr'><strong>Huttenus.</strong></span> 
     </span>
    </p>

    <p class='ocr_par' dir='ltr' id='par_1_8' title="bbox 137 2499 1176 3185">
     <span class='ocr_line' id='line_1_16' title="bbox 225 2499 1173 2567; baseline 0.004 -5"><span class='ocrx_word' id='word_1_64' title='bbox 225 2501 269 2563; x_wconf 80' lang='lat' dir='ltr'><strong>Et</strong></span> <span class='ocrx_word' id='word_1_65' title='bbox 294 2509 399 2564; x_wconf 65' lang='lat' dir='ltr'><strong>nmen</strong></span> <span class='ocrx_word' id='word_1_66' title='bbox 428 2499 532 2564; x_wconf 89' lang='lat' dir='ltr'><strong>omnia</strong></span> <span class='ocrx_word' id='word_1_67' title='bbox 563 2504 629 2566; x_wconf 82' lang='lat' dir='ltr'><strong>haec</strong></span> <span class='ocrx_word' id='word_1_68' title='bbox 658 2503 776 2565; x_wconf 91' lang='lat' dir='ltr'><strong>debent</strong></span> <span class='ocrx_word' id='word_1_69' title='bbox 804 2502 843 2566; x_wconf 88' lang='lat' dir='ltr'><strong>ab</strong></span> <span class='ocrx_word' id='word_1_70' title='bbox 876 2502 930 2566; x_wconf 91' lang='lat' dir='ltr'><strong>illo</strong></span> <span class='ocrx_word' id='word_1_71' title='bbox 964 2502 1173 2567; x_wconf 75' lang='lat' dir='ltr'><strong>ordinasses</strong></span> 
     </span>
     <span class='ocr_line' id='line_1_17' title="bbox 153 2598 1175 2680; baseline 0.002 -17"><span class='ocrx_word' id='word_1_72' title='bbox 153 2598 357 2676; x_wconf 77' lang='lat' dir='ltr'><strong>alienissima,</strong></span> <span class='ocrx_word' id='word_1_73' title='bbox 379 2612 414 2663; x_wconf 88' lang='lat' dir='ltr'><strong>ut</strong></span> <span class='ocrx_word' id='word_1_74' title='bbox 432 2600 506 2664; x_wconf 88' lang='lat' dir='ltr'><strong>olim</strong></span> <span class='ocrx_word' id='word_1_75' title='bbox 524 2602 656 2665; x_wconf 84' lang='lat' dir='ltr'><strong>luerunt</strong></span> <span class='ocrx_word' id='word_1_76' title='bbox 675 2614 768 2680; x_wconf 91' lang='lat' dir='ltr'><strong>tunc,</strong></span> <span class='ocrx_word' id='word_1_77' title='bbox 797 2624 870 2666; x_wconf 90' lang='lat' dir='ltr'><strong>cum</strong></span> <span class='ocrx_word' id='word_1_78' title='bbox 889 2604 1075 2666; x_wconf 74' lang='lat' dir='ltr'><strong>Sacerdotes</strong></span> <span class='ocrx_word' id='word_1_79' title='bbox 1096 2621 1175 2667; x_wconf 83' lang='lat' dir='ltr'><strong>vere</strong></span> 
     </span>
     <span class='ocr_line' id='line_1_18' title="bbox 153 2701 1175 2786; baseline -0.002 -21"><span class='ocrx_word' id='word_1_80' title='bbox 153 2713 261 2778; x_wconf 78' lang='lat' dir='ltr'><strong>erant,</strong></span> <span class='ocrx_word' id='word_1_81' title='bbox 281 2721 388 2786; x_wconf 85' lang='lat' dir='ltr'><strong>neque</strong></span> <span class='ocrx_word' id='word_1_82' title='bbox 408 2703 468 2765; x_wconf 89' lang='lat' dir='ltr'><strong>sub</strong></span> <span class='ocrx_word' id='word_1_83' title='bbox 490 2704 624 2766; x_wconf 89' lang='lat' dir='ltr'><strong>honesto</strong></span> <span class='ocrx_word' id='word_1_84' title='bbox 642 2702 770 2766; x_wconf 88' lang='lat' dir='ltr'><strong>nomine</strong></span> <span class='ocrx_word' id='word_1_85' title='bbox 782 2724 902 2766; x_wconf 87' lang='lat' dir='ltr'><strong>summa</strong></span> <span class='ocrx_word' id='word_1_86' title='bbox 917 2701 1080 2782; x_wconf 86' lang='lat' dir='ltr'><strong>turpitudo</strong></span> <span class='ocrx_word' id='word_1_87' title='bbox 1097 2720 1175 2764; x_wconf 86' lang='lat' dir='ltr'><strong>con-</strong></span> 
     </span>
     <span class='ocr_line' id='line_1_19' title="bbox 154 2800 1175 2887; baseline 0 -23"><span class='ocrx_word' id='word_1_88' title='bbox 154 2804 332 2887; x_wconf 78' lang='lat' dir='ltr'><strong>tegebatur.</strong></span> <span class='ocrx_word' id='word_1_89' title='bbox 371 2804 441 2867; x_wconf 89' lang='lat' dir='ltr'><strong>Jam</strong></span> <span class='ocrx_word' id='word_1_90' title='bbox 459 2803 556 2884; x_wconf 83' lang='lat' dir='ltr'><strong>igitur</strong></span> <span class='ocrx_word' id='word_1_91' title='bbox 576 2805 683 2886; x_wconf 92' lang='lat' dir='ltr'><strong>quales</strong></span> <span class='ocrx_word' id='word_1_92' title='bbox 702 2824 773 2867; x_wconf 88' lang='lat' dir='ltr'><strong>esse</strong></span> <span class='ocrx_word' id='word_1_93' title='bbox 792 2814 940 2883; x_wconf 85' lang='lat' dir='ltr'><strong>possunt,</strong></span> <span class='ocrx_word' id='word_1_94' title='bbox 970 2800 1028 2884; x_wconf 89' lang='lat' dir='ltr'><strong>qui</strong></span> <span class='ocrx_word' id='word_1_95' title='bbox 1045 2821 1111 2863; x_wconf 89' lang='lat' dir='ltr'><strong>non</strong></span> <span class='ocrx_word' id='word_1_96' title='bbox 1129 2802 1175 2864; x_wconf 86' lang='lat' dir='ltr'><strong>le·</strong></span> 
     </span>
     <span class='ocr_line' id='line_1_20' title="bbox 154 2901 1175 2987; baseline -0.002 -22"><span class='ocrx_word' id='word_1_97' title='bbox 154 2916 274 2987; x_wconf 82' lang='lat' dir='ltr'><strong>guntur</strong></span> <span class='ocrx_word' id='word_1_98' title='bbox 291 2901 326 2965; x_wconf 90' lang='lat' dir='ltr'><strong>in</strong></span> <span class='ocrx_word' id='word_1_99' title='bbox 347 2904 492 2967; x_wconf 87' lang='lat' dir='ltr'><strong>ordinem</strong></span> <span class='ocrx_word' id='word_1_100' title='bbox 508 2905 609 2980; x_wconf 88' lang='lat' dir='ltr'><strong>hunc,</strong></span> <span class='ocrx_word' id='word_1_101' title='bbox 629 2903 690 2966; x_wconf 90' lang='lat' dir='ltr'><strong>nisi</strong></span> <span class='ocrx_word' id='word_1_102' title='bbox 710 2906 749 2966; x_wconf 90' lang='lat' dir='ltr'><strong>ad</strong></span> <span class='ocrx_word' id='word_1_103' title='bbox 768 2924 897 2966; x_wconf 89' lang='lat' dir='ltr'><strong>censum</strong></span> <span class='ocrx_word' id='word_1_104' title='bbox 913 2902 999 2984; x_wconf 86' lang='lat' dir='ltr'><strong>prius</strong></span> <span class='ocrx_word' id='word_1_105' title='bbox 1018 2919 1175 2983; x_wconf 85' lang='lat' dir='ltr'><strong>pervene-</strong></span> 
     </span>
     <span class='ocr_line' id='line_1_21' title="bbox 152 2999 1174 3088; baseline -0.004 -19"><span class='ocrx_word' id='word_1_106' title='bbox 152 3002 243 3069; x_wconf 78' lang='lat' dir='ltr'><strong>rint?</strong></span> <span class='ocrx_word' id='word_1_107' title='bbox 263 3004 336 3084; x_wconf 84' lang='lat' dir='ltr'><strong>Quo</strong></span> <span class='ocrx_word' id='word_1_108' title='bbox 359 3005 409 3079; x_wconf 86' lang='lat' dir='ltr'><strong>lit,</strong></span> <span class='ocrx_word' id='word_1_109' title='bbox 430 3014 465 3066; x_wconf 90' lang='lat' dir='ltr'><strong>ut</strong></span> <span class='ocrx_word' id='word_1_110' title='bbox 486 3003 693 3068; x_wconf 88' lang='lat' dir='ltr'><strong>crassissimus</strong></span> <span class='ocrx_word' id='word_1_111' title='bbox 718 3004 872 3088; x_wconf 84' lang='lat' dir='ltr'><strong>quisque,</strong></span> <span class='ocrx_word' id='word_1_112' title='bbox 891 3014 923 3067; x_wconf 90' lang='lat' dir='ltr'><strong>et</strong></span> <span class='ocrx_word' id='word_1_113' title='bbox 942 2999 1174 3083; x_wconf 87' lang='lat' dir='ltr'><strong>analphabetus,</strong></span> 
     </span>
     <span class='ocr_line' id='line_1_22' title="bbox 137 3100 1176 3185; baseline -0.007 -14"><span class='ocrx_word' id='word_1_114' title='bbox 137 3104 253 3171; x_wconf 83' lang='lat' dir='ltr'><strong>¹modo</strong></span> <span class='ocrx_word' id='word_1_115' title='bbox 273 3106 463 3185; x_wconf 78' lang='lat' dir='ltr'><strong>pecuniosus</strong></span> <span class='ocrx_word' id='word_1_116' title='bbox 483 3104 541 3181; x_wconf 89' lang='lat' dir='ltr'><strong>sit,</strong></span> <span class='ocrx_word' id='word_1_117' title='bbox 574 3105 718 3168; x_wconf 79' lang='lat' dir='ltr'><strong>facillime</strong></span> <span class='ocrx_word' id='word_1_118' title='bbox 737 3106 798 3167; x_wconf 93' lang='lat' dir='ltr'><strong>huc</strong></span> <span class='ocrx_word' id='word_1_119' title='bbox 819 3105 950 3180; x_wconf 84' lang='lat' dir='ltr'><strong>evadat,</strong></span> <span class='ocrx_word' id='word_1_120' title='bbox 969 3101 1056 3166; x_wconf 89' lang='lat' dir='ltr'><strong>docti</strong></span> <span class='ocrx_word' id='word_1_121' title='bbox 1074 3100 1176 3165; x_wconf 90' lang='lat' dir='ltr'><strong>homi·</strong></span> 
     </span>
    </p>

    <p class='ocr_par' dir='ltr' id='par_1_9' title="bbox 136 3200 1176 3590">
     <span class='ocr_line' id='line_1_23' title="bbox 136 3200 1176 3290; baseline -0.004 -19"><span class='ocrx_word' id='word_1_122' title='bbox 136 3225 228 3283; x_wconf 77' lang='lat' dir='ltr'><strong>-nes,</strong></span> <span class='ocrx_word' id='word_1_123' title='bbox 255 3213 289 3267; x_wconf 83' lang='lat' dir='ltr'><strong>et</strong></span> <span class='ocrx_word' id='word_1_124' title='bbox 307 3203 390 3266; x_wconf 90' lang='lat' dir='ltr'><strong>bene</strong></span> <span class='ocrx_word' id='word_1_125' title='bbox 408 3204 520 3266; x_wconf 90' lang='lat' dir='ltr'><strong>morati</strong></span> <span class='ocrx_word' id='word_1_126' title='bbox 540 3205 660 3290; x_wconf 89' lang='lat' dir='ltr'><strong>quique</strong></span> <span class='ocrx_word' id='word_1_127' title='bbox 680 3205 944 3285; x_wconf 78' lang='lat' dir='ltr'><strong>contemptissima</strong></span> <span class='ocrx_word' id='word_1_128' title='bbox 965 3200 1176 3286; x_wconf 77' lang='lat' dir='ltr'><strong>negligantur.</strong></span> 
     </span>
     <span class='ocr_line' id='line_1_24' title="bbox 155 3299 1175 3388; baseline -0.002 -20"><span class='ocrx_word' id='word_1_129' title='bbox 155 3307 265 3388; x_wconf 79' lang='lat' dir='ltr'><strong>Quare</strong></span> <span class='ocrx_word' id='word_1_130' title='bbox 284 3303 378 3367; x_wconf 84' lang='lat' dir='ltr'><strong>etiam</strong></span> <span class='ocrx_word' id='word_1_131' title='bbox 398 3303 585 3384; x_wconf 88' lang='lat' dir='ltr'><strong>optimarum</strong></span> <span class='ocrx_word' id='word_1_132' title='bbox 613 3306 725 3370; x_wconf 90' lang='lat' dir='ltr'><strong>artium</strong></span> <span class='ocrx_word' id='word_1_133' title='bbox 746 3306 865 3381; x_wconf 87' lang='lat' dir='ltr'><strong>studia,</strong></span> <span class='ocrx_word' id='word_1_134' title='bbox 892 3324 1050 3367; x_wconf 89' lang='lat' dir='ltr'><strong>sacrarum</strong></span> <span class='ocrx_word' id='word_1_135' title='bbox 1068 3299 1175 3384; x_wconf 88' lang='lat' dir='ltr'><strong>impri-</strong></span> 
     </span>
     <span class='ocr_line' id='line_1_25' title="bbox 153 3403 1176 3482; baseline -0.005 -12"><span class='ocrx_word' id='word_1_136' title='bbox 153 3406 210 3470; x_wconf 81' lang='lat' dir='ltr'><strong>mis</strong></span> <span class='ocrx_word' id='word_1_137' title='bbox 231 3405 392 3468; x_wconf 88' lang='lat' dir='ltr'><strong>literarum</strong></span> <span class='ocrx_word' id='word_1_138' title='bbox 410 3404 557 3482; x_wconf 87' lang='lat' dir='ltr'><strong>scientia,</strong></span> <span class='ocrx_word' id='word_1_139' title='bbox 578 3406 618 3468; x_wconf 91' lang='lat' dir='ltr'><strong>ad</strong></span> <span class='ocrx_word' id='word_1_140' title='bbox 636 3427 785 3472; x_wconf 85' lang='lat' dir='ltr'><strong>summam</strong></span> <span class='ocrx_word' id='word_1_141' title='bbox 803 3403 1025 3478; x_wconf 89' lang='lat' dir='ltr'><strong>raritudinem,</strong></span> <span class='ocrx_word' id='word_1_142' title='bbox 1048 3412 1079 3463; x_wconf 88' lang='lat' dir='ltr'><strong>ct</strong></span> <span class='ocrx_word' id='word_1_143' title='bbox 1097 3422 1176 3482; x_wconf 84' lang='lat' dir='ltr'><strong>pau·</strong></span> 
     </span>
     <span class='ocr_line' id='line_1_26' title="bbox 152 3503 1176 3590; baseline -0.005 -21"><span class='ocrx_word' id='word_1_144' title='bbox 152 3507 243 3570; x_wconf 86' lang='lat' dir='ltr'><strong>culos</strong></span> <span class='ocrx_word' id='word_1_145' title='bbox 267 3507 437 3589; x_wconf 87' lang='lat' dir='ltr'><strong>quosdam,</strong></span> <span class='ocrx_word' id='word_1_146' title='bbox 459 3525 581 3590; x_wconf 86' lang='lat' dir='ltr'><strong>eosque</strong></span> <span class='ocrx_word' id='word_1_147' title='bbox 600 3507 741 3569; x_wconf 86' lang='lat' dir='ltr'><strong>adflictos</strong></span> <span class='ocrx_word' id='word_1_148' title='bbox 762 3507 804 3569; x_wconf 94' lang='lat' dir='ltr'><strong>ob</strong></span> <span class='ocrx_word' id='word_1_149' title='bbox 825 3504 876 3581; x_wconf 83' lang='lat' dir='ltr'><strong>iti,</strong></span> <span class='ocrx_word' id='word_1_150' title='bbox 898 3520 930 3566; x_wconf 93' lang='lat' dir='ltr'><strong>et</strong></span> <span class='ocrx_word' id='word_1_151' title='bbox 948 3503 1080 3566; x_wconf 87' lang='lat' dir='ltr'><strong>miseros</strong></span> <span class='ocrx_word' id='word_1_152' title='bbox 1099 3521 1176 3581; x_wconf 91' lang='lat' dir='ltr'><strong>pro·</strong></span> 
     </span>
    </p>

    <p class='ocr_par' dir='ltr' id='par_1_10' title="bbox 87 3592 1239 4191">
     <span class='ocr_line' id='line_1_27' title="bbox 87 3592 1239 3682; baseline -0.005 -10"><span class='ocrx_word' id='word_1_153' title='bbox 87 3592 90 3597; x_wconf 38' lang='lat'><strong><em>¹</em></strong></span> <span class='ocrx_word' id='word_1_154' title='bbox 155 3606 298 3672; x_wconf 85' lang='lat' dir='ltr'><strong>lessores</strong></span> <span class='ocrx_word' id='word_1_155' title='bbox 317 3606 514 3682; x_wconf 84' lang='lat' dir='ltr'><strong>reciderunt,</strong></span> <span class='ocrx_word' id='word_1_156' title='bbox 550 3627 623 3669; x_wconf 89' lang='lat' dir='ltr'><strong>cum</strong></span> <span class='ocrx_word' id='word_1_157' title='bbox 648 3607 680 3670; x_wconf 90' lang='lat' dir='ltr'><strong>hi</strong></span> <span class='ocrx_word' id='word_1_158' title='bbox 700 3606 819 3670; x_wconf 92' lang='lat' dir='ltr'><strong>domini</strong></span> <span class='ocrx_word' id='word_1_159' title='bbox 839 3608 1011 3669; x_wconf 91' lang='lat' dir='ltr'><strong>salutantur</strong></span> <span class='ocrx_word' id='word_1_160' title='bbox 1040 3600 1173 3680; x_wconf 89' lang='lat' dir='ltr'><strong>interim,</strong></span> <span class='ocrx_word' id='word_1_161' title='bbox 1236 3592 1239 3599; x_wconf 63' lang='grc'><strong>’</strong></span> 
     </span>
     <span class='ocr_line' id='line_1_28' title="bbox 153 3703 1174 3788; baseline -0.003 -19"><span class='ocrx_word' id='word_1_162' title='bbox 153 3718 186 3769; x_wconf 87' lang='lat' dir='ltr'><strong>et</strong></span> <span class='ocrx_word' id='word_1_163' title='bbox 206 3703 361 3769; x_wconf 89' lang='lat' dir='ltr'><strong>Canoniei</strong></span> <span class='ocrx_word' id='word_1_164' title='bbox 379 3717 467 3781; x_wconf 88' lang='lat' dir='ltr'><strong>sunt,</strong></span> <span class='ocrx_word' id='word_1_165' title='bbox 497 3728 533 3770; x_wconf 93' lang='lat' dir='ltr'><strong>ac</strong></span> <span class='ocrx_word' id='word_1_166' title='bbox 549 3707 732 3788; x_wconf 87' lang='lat' dir='ltr'><strong>Praepositi,</strong></span> <span class='ocrx_word' id='word_1_167' title='bbox 757 3719 789 3771; x_wconf 92' lang='lat' dir='ltr'><strong>et</strong></span> <span class='ocrx_word' id='word_1_168' title='bbox 805 3703 974 3788; x_wconf 88' lang='lat' dir='ltr'><strong>Episcopi,</strong></span> <span class='ocrx_word' id='word_1_169' title='bbox 994 3703 1174 3788; x_wconf 87' lang='lat' dir='ltr'><strong>habentque</strong></span> 
     </span>
     <span class='ocr_line' id='line_1_29' title="bbox 156 3802 1173 3888; baseline -0.001 -19"><span class='ocrx_word' id='word_1_170' title='bbox 156 3826 283 3882; x_wconf 79' lang='lat' dir='ltr'><strong>aurum,</strong></span> <span class='ocrx_word' id='word_1_171' title='bbox 315 3817 346 3868; x_wconf 85' lang='lat' dir='ltr'><strong>et</strong></span> <span class='ocrx_word' id='word_1_172' title='bbox 370 3808 508 3869; x_wconf 89' lang='lat' dir='ltr'><strong>honores</strong></span> <span class='ocrx_word' id='word_1_173' title='bbox 535 3818 742 3888; x_wconf 86' lang='lat' dir='ltr'><strong>percurrunt,</strong></span> <span class='ocrx_word' id='word_1_174' title='bbox 773 3828 809 3871; x_wconf 89' lang='lat' dir='ltr'><strong>ac</strong></span> <span class='ocrx_word' id='word_1_175' title='bbox 835 3805 868 3869; x_wconf 90' lang='lat' dir='ltr'><strong>in</strong></span> <span class='ocrx_word' id='word_1_176' title='bbox 892 3802 1022 3869; x_wconf 69' lang='lat' dir='ltr'><strong>darsiria</strong></span> <span class='ocrx_word' id='word_1_177' title='bbox 1048 3804 1098 3868; x_wconf 88' lang='lat' dir='ltr'><strong>illa</strong></span> <span class='ocrx_word' id='word_1_178' title='bbox 1117 3825 1173 3868; x_wconf 85' lang='lat' dir='ltr'><strong>sua</strong></span> 
     </span>
     <span class='ocr_line' id='line_1_30' title="bbox 154 3907 1175 3991; baseline -0.001 -22"><span class='ocrx_word' id='word_1_179' title='bbox 154 3916 311 3990; x_wconf 84' lang='lat' dir='ltr'><strong>regnant,</strong></span> <span class='ocrx_word' id='word_1_180' title='bbox 327 3918 358 3969; x_wconf 89' lang='lat' dir='ltr'><strong>et</strong></span> <span class='ocrx_word' id='word_1_181' title='bbox 377 3927 411 3969; x_wconf 91' lang='lat' dir='ltr'><strong>se</strong></span> <span class='ocrx_word' id='word_1_182' title='bbox 431 3919 542 3969; x_wconf 90' lang='lat' dir='ltr'><strong>curant</strong></span> <span class='ocrx_word' id='word_1_183' title='bbox 560 3908 642 3970; x_wconf 83' lang='lat' dir='ltr'><strong>bene</strong></span> <span class='ocrx_word' id='word_1_184' title='bbox 661 3908 808 3991; x_wconf 87' lang='lat' dir='ltr'><strong>quidem,</strong></span> <span class='ocrx_word' id='word_1_185' title='bbox 828 3907 960 3986; x_wconf 86' lang='lat' dir='ltr'><strong>pastoris</strong></span> <span class='ocrx_word' id='word_1_186' title='bbox 979 3928 1057 3970; x_wconf 89' lang='lat' dir='ltr'><strong>vero</strong></span> <span class='ocrx_word' id='word_1_187' title='bbox 1078 3910 1175 3989; x_wconf 84' lang='lat' dir='ltr'><strong>egen·</strong></span> 
     </span>
     <span class='ocr_line' id='line_1_31' title="bbox 154 4006 1174 4089; baseline -0.002 -18"><span class='ocrx_word' id='word_1_188' title='bbox 154 4021 219 4071; x_wconf 90' lang='lat' dir='ltr'><strong>tem</strong></span> <span class='ocrx_word' id='word_1_189' title='bbox 239 4028 385 4089; x_wconf 84' lang='lat' dir='ltr'><strong>gregem,</strong></span> <span class='ocrx_word' id='word_1_190' title='bbox 407 4018 439 4069; x_wconf 85' lang='lat' dir='ltr'><strong>et</strong></span> <span class='ocrx_word' id='word_1_191' title='bbox 457 4006 651 4071; x_wconf 84' lang='lat' dir='ltr'><strong>commissam</strong></span> <span class='ocrx_word' id='word_1_192' title='bbox 669 4007 728 4070; x_wconf 89' lang='lat' dir='ltr'><strong>sibi</strong></span> <span class='ocrx_word' id='word_1_193' title='bbox 748 4007 872 4088; x_wconf 88' lang='lat' dir='ltr'><strong>plebem</strong></span> <span class='ocrx_word' id='word_1_194' title='bbox 886 4007 1093 4072; x_wconf 87' lang='lat' dir='ltr'><strong>Christianam</strong></span> <span class='ocrx_word' id='word_1_195' title='bbox 1108 4026 1174 4069; x_wconf 89' lang='lat' dir='ltr'><strong>non</strong></span> 
     </span>
     <span class='ocr_line' id='line_1_32' title="bbox 153 4105 1111 4191; baseline -0.002 -20"><span class='ocrx_word' id='word_1_196' title='bbox 153 4118 277 4171; x_wconf 85' lang='lat' dir='ltr'><strong>curant.</strong></span> <span class='ocrx_word' id='word_1_197' title='bbox 315 4110 394 4172; x_wconf 85' lang='lat' dir='ltr'><strong>Nam</strong></span> <span class='ocrx_word' id='word_1_198' title='bbox 414 4106 484 4191; x_wconf 88' lang='lat' dir='ltr'><strong>quis</strong></span> <span class='ocrx_word' id='word_1_199' title='bbox 505 4107 630 4172; x_wconf 91' lang='lat' dir='ltr'><strong>illorum</strong></span> <span class='ocrx_word' id='word_1_200' title='bbox 649 4108 748 4189; x_wconf 85' lang='lat' dir='ltr'><strong>pascit</strong></span> <span class='ocrx_word' id='word_1_201' title='bbox 769 4106 885 4172; x_wconf 88' lang='lat' dir='ltr'><strong>Christi</strong></span> <span class='ocrx_word' id='word_1_202' title='bbox 906 4127 984 4170; x_wconf 86' lang='lat' dir='ltr'><strong>oves</strong></span> <span class='ocrx_word' id='word_1_203' title='bbox 1004 4105 1111 4171; x_wconf 85' lang='lat' dir='ltr'><strong>nunc?</strong></span> 
     </span>
    </p>
   </div>
   <div class='ocr_carea' id='block_1_8' title="bbox 152 4249 1171 4533">
    <p class='ocr_par' dir='ltr' id='par_1_11' title="bbox 152 4249 1171 4533">
     <span class='ocr_line' id='line_1_33' title="bbox 536 4249 793 4313; baseline -0.016 0"><span class='ocrx_word' id='word_1_204' title='bbox 536 4249 793 4313; x_wconf 84' lang='lat' dir='ltr'><strong>Franciscus.</strong></span> 
     </span>
     <span class='ocr_line' id='line_1_34' title="bbox 227 4345 1169 4435; baseline -0.004 -24"><span class='ocrx_word' id='word_1_205' title='bbox 227 4348 303 4412; x_wconf 86' lang='lat' dir='ltr'><strong>Non</strong></span> <span class='ocrx_word' id='word_1_206' title='bbox 323 4350 417 4415; x_wconf 87' lang='lat' dir='ltr'><strong>video</strong></span> <span class='ocrx_word' id='word_1_207' title='bbox 439 4351 526 4435; x_wconf 88' lang='lat' dir='ltr'><strong>quis,</strong></span> <span class='ocrx_word' id='word_1_208' title='bbox 554 4350 614 4413; x_wconf 89' lang='lat' dir='ltr'><strong>nisi</strong></span> <span class='ocrx_word' id='word_1_209' title='bbox 633 4350 721 4434; x_wconf 87' lang='lat' dir='ltr'><strong>quod</strong></span> <span class='ocrx_word' id='word_1_210' title='bbox 741 4351 901 4410; x_wconf 88' lang='lat' dir='ltr'><strong>Lutherus</strong></span> <span class='ocrx_word' id='word_1_211' title='bbox 920 4345 1039 4427; x_wconf 90' lang='lat' dir='ltr'><strong>incepit</strong></span> <span class='ocrx_word' id='word_1_212' title='bbox 1057 4364 1169 4425; x_wconf 82' lang='lat' dir='ltr'><strong>ntrper,</strong></span> 
     </span>
     <span class='ocr_line' id='line_1_35' title="bbox 152 4447 1171 4533; baseline -0.004 -22"><span class='ocrx_word' id='word_1_213' title='bbox 152 4458 185 4511; x_wconf 81' lang='lat' dir='ltr'><strong>et</strong></span> <span class='ocrx_word' id='word_1_214' title='bbox 215 4447 273 4533; x_wconf 87' lang='lat' dir='ltr'><strong>qui</strong></span> <span class='ocrx_word' id='word_1_215' title='bbox 300 4471 371 4514; x_wconf 89' lang='lat' dir='ltr'><strong>cum</strong></span> <span class='ocrx_word' id='word_1_216' title='bbox 402 4452 455 4515; x_wconf 91' lang='lat' dir='ltr'><strong>illo</strong></span> <span class='ocrx_word' id='word_1_217' title='bbox 485 4450 642 4526; x_wconf 88' lang='lat' dir='ltr'><strong>sentiunt,</strong></span> <span class='ocrx_word' id='word_1_218' title='bbox 673 4451 767 4533; x_wconf 88' lang='lat' dir='ltr'><strong>pauci</strong></span> <span class='ocrx_word' id='word_1_219' title='bbox 798 4447 945 4532; x_wconf 85' lang='lat' dir='ltr'><strong>quidam,</strong></span> <span class='ocrx_word' id='word_1_220' title='bbox 979 4447 1114 4527; x_wconf 87' lang='lat' dir='ltr'><strong>conjecti</strong></span> <span class='ocrx_word' id='word_1_221' title='bbox 1140 4448 1171 4508; x_wconf 90' lang='lat' dir='ltr'><strong>in</strong></span> 
     </span>
    </p>
   </div>
   <div class='ocr_carea' id='block_1_9' title="bbox 0 0 1314 5108">
    <p class='ocr_par' dir='ltr' id='par_1_12' title="bbox 0 0 1314 5108">
     <span class='ocr_line' id='line_1_36' title="bbox 0 0 1314 5108; baseline 0 0"><span class='ocrx_word' id='word_1_222' title='bbox 0 0 1314 5108; x_wconf 95' lang='lat' dir='ltr'><strong> </strong></span> 
     </span>
    </p>
   </div>
  </div>
 </body>
</html>
