2618 5108
140 831 207 901 ¹38
451 826 621 901 Monitot·
663 830 858 903 secundus.
884 862 886 866 >

135 1031 246 1084 contra
266 1019 427 1084 sordidam
447 1020 657 1087 Sacerdotum
676 1021 940 1098 dominationem,
968 1023 1089 1104 optimo
1110 1025 1177 1087 cui·

67 1150 72 1158 ¹
140 1144 205 1206 que
225 1108 355 1186 stienue
384 1121 611 1183 obluctandum
638 1142 724 1199 esse,
755 1126 816 1186 hoc
838 1135 1000 1203 tempore,
1035 1125 1177 1209 totisque

136 1222 217 1306 jugo
255 1224 306 1286 isti
337 1222 458 1285 viribus
487 1222 734 1305 pertinacissime
769 1226 996 1299 resistendum,
1031 1226 1178 1289 Luthero

137 1337 243 1389 autem
269 1326 399 1400 lavere,
430 1347 500 1408 quac
530 1327 621 1405 culpa
649 1337 714 1400 est,
747 1327 959 1406 Evangelium
979 1326 1175 1407 praedicanti,

81 1482 85 1490 .
141 1438 174 1490 et
197 1449 215 1488 a
234 1425 507 1508 periculosissimis
526 1426 691 1489 erroribus
705 1426 866 1489 hominum
886 1428 1094 1490 conscientias
1108 1428 1180 1489 vin-

143 1527 287 1591 dicanti?
308 1530 387 1591 Nam
408 1529 600 1604 Huttenum,
622 1549 682 1610 pro
703 1527 761 1604 iis,
783 1551 853 1615 qum
873 1529 1013 1615 scripsit,
1034 1529 1179 1592 nondum

141 1630 238 1692 audio
252 1649 359 1712 neque
374 1640 552 1691 accusatum
567 1651 585 1692 a
601 1642 781 1713 quoquam,
803 1652 909 1712 neque
922 1629 1178 1693 condemnatum.

141 1731 240 1812 Quod
269 1728 296 1790 si
322 1731 467 1793 Luthero
495 1752 620 1794 causam
657 1733 765 1793 dicere
793 1729 976 1810 permittant
1004 1730 1072 1807 isti,
1104 1729 1178 1793 lore

142 1843 256 1912 putas,
277 1847 314 1900 ut
333 1831 403 1898 ullis
422 1832 547 1914 legibus
568 1832 709 1898 damnari
728 1831 853 1913 possit?
1200 1827 1205 1841 ’

464 2000 467 2003 -
561 1966 759 2029 Monitor.

219 2069 276 2135 lsti
296 2071 427 2155 quidem
447 2089 542 2154 possc
568 2079 697 2153 putant,
726 2088 841 2155 nempe
868 2065 964 2130 sacris
982 2066 1178 2131 Pontificum

133 2170 373 2239 sanctionibus.

532 2288 790 2353 Franciscus.

220 2391 258 2453 ld
279 2404 342 2467 cst,
373 2389 523 2472 propriis.
563 2392 644 2453 Nam
662 2391 724 2451 hoc
744 2388 820 2450 olim
839 2385 1070 2469 providerunt,
1091 2387 1180 2450 utin

144 2511 212 2554 rem
245 2512 334 2554 suam
361 2490 516 2576 quicquid
542 2502 642 2565 esset,
675 2488 755 2573 legis
774 2491 847 2550 loco
867 2487 1181 2564 haberent,'imitan-

145 2593 289 2674 dumque
311 2593 361 2667 id,
381 2592 473 2655 ctiam
495 2591 637 2654 obnoxie
653 2591 825 2652 tenendum
837 2600 1068 2671 proponerent.
1107 2589 1183 2652 Fuit

143 2691 229 2756 enim
252 2704 397 2773 tempus,
424 2713 496 2755 cum
516 2693 604 2782 serre
625 2694 711 2774 leges
732 2691 770 2753 iis
789 2689 912 2754 licebat.
951 2693 1038 2770 Quas
1058 2688 1182 2772 iniquas

143 2817 235 2881 csse,
257 2794 284 2857 si
304 2795 543 2860 tunchomincs
558 2791 804 2877 cognovissent,
824 2813 892 2854 uon
906 2790 940 2860 hi
955 2812 1040 2861 nuuc
1053 2791 1183 2854 demum
1209 2823 1212 2840 =

33 2897 39 2914 '
144 2906 249 2959 motus
269 2884 457 2978 inciperent.

563 3011 762 3074 Monitor.

224 3114 326 3198 Atqui
346 3115 434 3190 illos,
455 3125 641 3176 reverenter
663 3113 720 3197 qui
738 3123 934 3192 paruerunt,
955 3110 1060 3172 bonos
1081 3107 1184 3172 lromi·

142 3236 219 3290 nes,
251 3227 284 3277 ot
314 3227 400 3278 recte
428 3214 626 3279 Christianos
658 3215 777 3291 luisse,
806 3236 866 3277 uos
896 3213 1062 3295 roligionis
1088 3212 1182 3277 taedio

144 3337 231 3380 nova
249 3315 355 3400 moliri
375 3314 494 3380 dicunt.

538 3433 796 3500 Franciscus.

126 3584 129 3590 ·
220 3538 313 3604 Nova
334 3536 483 3599 molimur
502 3555 603 3610 vero,
635 3557 774 3618 quorum
794 3557 889 3599 omne
908 3533 942 3597 in
961 3536 1023 3597 hoc
1042 3535 1184 3598 studium

144 3650 209 3713 est,
240 3651 275 3702 ut
296 3639 462 3722 antiquum
488 3637 664 3715 reseramus
695 3637 841 3700 morem?
873 3647 904 3698 et
930 3635 1010 3697 vitio
1040 3636 1183 3718 perdito·

144 3760 217 3801 rum
236 3741 418 3813 hominum,
457 3736 694 3800 collabefactam
721 3736 841 3802 Christi
877 3737 1028 3819 pietatem
1064 3739 1184 3801 instau-

124 3839 278 3908 remus?
301 3841 369 3912 lmo
390 3861 475 3901 nova
493 3838 668 3903 moliuntur
688 3839 769 3921 ipsi,
790 3862 850 3903 nos
870 3861 943 3902 cum
959 3837 1090 3903 Christo
1109 3860 1184 3921 per-

78 3935 80 3938 *
143 3961 319 4004 manemus.
360 3942 460 4022 Quod
479 3964 575 4027 quam
594 3943 732 4006 invisum
751 3941 810 4013 illis
829 3952 894 4015 est,
924 3953 988 4003 tam
1014 3963 1085 4004 esse
1111 3962 1184 4023 gra·

145 4051 213 4105 tum
232 4041 307 4103 huic
327 4044 505 4120 credimus,
535 4046 592 4128 qui
618 4045 738 4110 diutius
769 4059 837 4106 uon
859 4043 961 4118 teret,
993 4043 1184 4107 adulteratas

146 4141 206 4204 sibi
229 4144 336 4226 leges,
364 4143 551 4209 infirmatam
570 4148 675 4212 fidem.

569 4279 763 4343 Monitor.

223 4380 322 4462 Quod
348 4392 385 4442 ut
410 4380 450 4446 sit
481 4381 593 4457 etiam,
634 4392 739 4444 tamen
776 4378 905 4443 Christo
937 4381 1185 4462 permittendtmt

146 4481 253 4564 ajunt,
276 4492 313 4545 ut
329 4481 481 4562 corrigat,
503 4483 617 4546 hocin
637 4482 751 4548 ordine
771 4481 879 4567 siquid
899 4481 1031 4545 devium
1049 4493 1108 4547 cst.
