2618 5108
139 790 220 883 aab
307 786 383 861 Ulr.
409 789 455 862 ab
479 789 726 879 Huttencum
749 788 902 865 murno
926 787 1012 861 Rot.

141 1001 211 1063 rem
228 980 311 1062 inter
328 1002 389 1044 nos
407 981 617 1051 inventuros?
647 984 697 1046 Te
715 981 797 1047 nacti
815 991 904 1056 sunt,
936 1001 1032 1065 quem
1061 995 1163 1042 nemo

139 1105 225 1161 aen,
245 1083 273 1149 si
290 1082 366 1147 velit
384 1079 566 1165 conparate
582 1083 643 1147 sibi
656 1082 773 1164 possit;
791 1094 909 1164 tamque
924 1080 1162 1163 praedicatione,

139 1206 209 1255 eon
225 1183 359 1249 virtutes
378 1183 508 1266 quidem
526 1206 599 1247 suas
630 1195 754 1251 oritana
779 1193 972 1262 agnoscunt,
1004 1182 1062 1244 aed
1081 1181 1161 1243 vitia

140 1288 324 1367 confirmata
350 1285 500 1366 gaudent.
547 1285 654 1365 Atque
681 1285 739 1349 ltos
759 1283 852 1345 babes
872 1282 960 1343 domi
978 1291 1057 1354 tue,
1085 1300 1161 1343 cura

140 1406 192 1468 me
211 1385 370 1458 exclusum
402 1395 435 1447 et
454 1383 645 1466 quotidianis
672 1381 979 1445 confabulationibus
1005 1381 1160 1462 dignaris,

139 1507 212 1567 cum
230 1485 303 1563 mibi
325 1486 397 1548 totis
411 1485 512 1547 tribus
526 1487 615 1546 eurus
628 1505 694 1545 non
706 1482 793 1557 viso,
816 1483 914 1544 amica
928 1484 1162 1560 congressione

140 1585 313 1655 interdicis.
360 1594 549 1660 Lemmata,
567 1594 802 1649 Edmontanum
822 1593 854 1643 et
873 1598 1022 1647 Atensem
1042 1583 1075 1644 in
1101 1585 1166 1646 hae

91 1720 94 1725 ·
142 1684 313 1761 Germania
340 1705 453 1760 nemo,
485 1705 577 1759 reor,
608 1696 732 1759 nosset,
764 1683 791 1745 si
810 1695 844 1744 tu
863 1705 928 1745 non
944 1682 1162 1746 'infestissimis

142 1786 304 1868 epistolis,
324 1796 420 1867 atque
436 1783 473 1848 iis
492 1786 605 1847 mirum
624 1805 717 1868 quam
736 1784 869 1858 crebris,
889 1783 1009 1849 circum
1031 1807 1167 1867 quaque

144 1885 355 1965 traduxissea,
374 1884 533 1968 nobisque
547 1886 617 1946 data
632 1905 729 1964 opera
748 1883 972 1963 persuasisses,
992 1885 1068 1951 nihil
1089 1886 1161 1967 dig-

139 2002 219 2049 aum
235 1984 307 2049 satis
324 1984 357 2046 in
375 1984 518 2047 homines
539 1984 634 2046 scribi
653 2004 766 2065 posse,
788 1983 830 2045 ita
845 1984 996 2047 malitiose
1016 1984 1110 2049 simul
1127 1988 1176 2048 et'

142 2086 299 2168 obstinate
329 2085 364 2149 in
391 2083 491 2148 bonas
516 2084 620 2147 literas
649 2084 864 2164 conspirasse,
900 2105 937 2144 ac
955 2085 1162 2148 infestissime

140 2187 249 2267 alienis
270 2185 445 2249 obtrectare
464 2183 643 2245 virtutibus.
679 2186 786 2265 Atque
799 2184 841 2245 ita
858 2205 927 2247 esse
947 2187 1162 2266 cognovimus

140 2297 269 2370 postea,
288 2305 396 2358 neque
417 2294 450 2344 et
468 2304 527 2363 per
546 2294 577 2344 te
595 2283 690 2359 moti,
711 2295 742 2346 et
760 2289 901 2364 ipsorum
920 2286 1048 2366 cognita
1067 2289 1162 2368 culpa

140 2384 313 2449 desinimus
339 2381 427 2444 aliter
459 2380 617 2462 judicare,
650 2403 687 2447 ac
714 2405 825 2447 eorum
852 2396 1014 2446 merentur
1041 2408 1162 2451 mores.

83 2537 87 2544 .
140 2485 180 2563 lp
199 2482 260 2546 tuis
280 2502 360 2545 vero
380 2481 520 2560 epistolis
547 2481 607 2544 alia
632 2504 718 2544 nunc
745 2485 833 2563 lego,
864 2484 920 2545 uhi
938 2485 1007 2546 illos
1028 2487 1164 2569 quidem

137 2583 307 2667 aliquando
352 2581 517 2663 ambigue,
565 2580 734 2664 aliquando
770 2582 867 2644 amice
915 2605 1047 2668 quoque
1079 2598 1164 2650 trac·

139 2697 197 2761 tis.
236 2683 350 2751 Aterni
368 2704 446 2746 vero
465 2683 527 2745 hoc
546 2681 635 2745 addis
662 2681 817 2763 elogium,
850 2684 938 2765 quod
963 2687 1164 2764 paucissimis

142 2784 310 2855 acoridito
331 2804 434 2865 usque
455 2782 535 2845 orbe
553 2782 706 2843 tributum
724 2781 927 2859 crediderim,
950 2783 989 2844 ab
1012 2788 1170 2851 omnibus

141 2907 229 2967 esse,
259 2883 521 2958 laudatissimum,
551 2903 657 2963 neque
677 2892 779 2943 tamen
797 2882 870 2945 satis
891 2905 1032 2967 unquam
1053 2890 1166 2950 lauda·

140 2997 220 3050 tum.
263 2985 353 3047 Proh
372 2983 578 3066 equalitatem
598 2982 839 3045 sententiarum!
870 2984 943 3045 Hoc
963 2988 1061 3048 modo
1083 3008 1168 3052 con·.

142 3085 233 3151 renit
252 3082 464 3146 Christianum
485 3083 685 3161 'l'heologum
715 3081 941 3159 pronunciare,
972 3086 1089 3149 detali
1106 3109 1168 3150 ne-

143 3184 284 3257 bulone,
304 3193 365 3243 tam
384 3182 537 3243 virulenta
555 3181 680 3242 bellua?
700 3182 763 3242 Sed
777 3183 866 3263 quod
877 3185 982 3263 plures
997 3206 1061 3266 ego
1075 3208 1173 3251 com·.
1229 3168 1233 3177 Ι

142 3303 332 3358 memorem,
358 3302 431 3342 cum
449 3280 535 3341 aliud
553 3283 710 3360 agendum
729 3281 788 3342 sit?
807 3283 974 3361 Superest,
1006 3297 1042 3347 ut
1062 3299 1171 3354 ιω»,

142 3405 291 3472 quoquc,
313 3403 408 3466 quern
427 3381 568 3443 ultimum
584 3389 661 3461 puto
683 3381 717 3441 in
735 3391 861 3444 nostros
873 3384 1041 3460 conjecisti
1053 3392 1169 3468 stylos,

141 3507 228 3564 nova
246 3485 330 3547 edita
347 3480 576 3556 recantatione,
610 3491 662 3541 aut
681 3481 787 3561 potius
806 3503 865 3560 pro
886 3482 938 3544 illo
960 3497 1073 3548 contra
1103 3511 1169 3553 uos

144 3585 312 3669 apologia,
344 3581 416 3644 hinc
435 3602 544 3643 rursus
564 3580 692 3642 eximas.
740 3581 812 3640 'l'ibi
832 3580 917 3643 enim
940 3584 1001 3645 soli
1020 3587 1110 3663 licet,
1135 3602 1171 3652 et

143 3687 219 3761 ubi,
251 3697 282 3748 et
312 3682 438 3765 quoties
459 3680 524 3755 vis,
555 3681 657 3742 album
677 3682 726 3740 vel
748 3692 848 3743 atrum
872 3682 977 3761 jacere
998 3688 1169 3766 calculum,

143 3786 298 3868 frigidum
327 3783 433 3844 efflare
461 3782 511 3840 vel
539 3780 691 3855 calidum,
723 3781 870 3842 damnare
900 3786 952 3844 vel
978 3785 1180 3865 absolvere3,

144 3885 289 3955 laudibus
319 3883 461 3960 palpare,
490 3881 541 3941 vel
570 3879 721 3941 conviciis
748 3880 964 3959 proscindere.
1003 3887 1080 3965 Quo
1102 3891 1179 3970 pri·,

146 3983 265 4065 vilegio
287 3994 343 4042 tuo
363 3980 390 4042 si
409 3980 440 4041 in
463 3978 612 4041 omuibus
628 3978 673 4041 uti
693 3981 861 4056 voluisses,
893 4003 929 4043 ac
951 3996 1072 4048 tantum
1093 4013 1172 4071 per.

144 4085 269 4153 mittere
288 4080 362 4155 tibi,
383 4091 535 4162 quantum
554 4100 647 4141 nemo
661 4078 721 4141 sibi
735 4079 847 4155 debet,
874 4103 968 4144 nemo
982 4086 1088 4150 bonus
1102 4095 1171 4155 vel·

145 4187 205 4253 let,
225 4182 258 4244 in
278 4182 461 4242 Lutherano
480 4190 584 4241 tamen
602 4179 732 4259 negotio
752 4180 915 4244 debuisses
936 4188 1092 4251 rationem
1115 4194 1172 4256 ha-

146 4284 224 4348 bere
243 4291 290 4342 tot
310 4281 496 4353 amicorum,
531 4277 587 4361 qui
608 4300 680 4341 cum
709 4279 749 4339 de
774 4288 806 4337 te
826 4283 938 4357 partim
957 4287 1041 4347 bene
1063 4296 1172 4356 meriti

148 4400 280 4468 quoque
300 4379 381 4454 sint,
400 4381 660 4442 Lutheroautem
672 4378 717 4440 sic
731 4379 921 4459 adhaereant,
943 4397 978 4447 ut
994 4411 1086 4469 paene
1107 4404 1173 4458 tarn
