2618 5108
303 83 733 280 „l
840 147 842 199 ¹

422 757 630 837 Praedones
676 710 864 862 Dialogus.
955 758 962 772 '
1051 722 1141 849 ,213

118 953 270 1021 carolum
288 971 414 1038 aqtrum
434 961 505 1029 eat,
531 950 711 1021 tineaene
740 952 782 1020 ait
805 954 920 1021 beilum
944 976 1058 1040 gerere
1077 984 1138 1081 pro

100 1053 243 1140 paria,
252 1074 316 1121 ue
331 1053 467 1136 pecunia
483 1055 652 1135 suppetat?
1010 1076 1013 1081 ·

496 1183 752 1251 Franciacua.

189 1285 279 1372 Quid
297 1287 368 1352 est?
435 1328 438 1335 ·

517 1418 732 1483 Huttenua.

124 1494 127 1501 Ι
184 1500 233 1585 Ul
252 1540 364 1583 aurum
382 1519 462 1596 hoe,
497 1531 528 1582 et
554 1532 718 1603 argentum
745 1518 778 1582 in‘
804 1521 947 1606 tempiis,
982 1529 1134 1611 quantum
1182 1596 1187 1605 ,
1288 1588 1291 1595 ,

110 1633 271 1707 quantum
291 1631 352 1696 est,
373 1621 490 1682 conilet
509 1618 710 1696 univ,ersum
731 1642 867 1701 gemmas
881 1647 959 1686 vero
974 1624 1135 1704 divendat,

109 1742 149 1785 ac
172 1720 213 1783 de
234 1719 380 1782 omnibus
394 1731 503 1782 coacta
521 1722 668 1800 pecunia,
689 1722 848 1786 exercitus
862 1726 937 1803 alat,
957 1737 989 1789 et
1000 1706 1134 1810 publicio

108 1819 351 1885 necessitatibus
372 1819 548 1883 subveniat.

501 1954 527 2016 F
538 1955 755 2022 rauciacus.

193 2051 228 2116 Si
245 2073 312 2117 uon
331 2052 373 2117 sit
393 2055 568 2138 gerendum
586 2055 699 2120 beilum
718 2058 822 2123 vero?

514 2189 730 2253 Huttenus.

191 2284 315 2350 Tamen
333 2287 509 2349 emovenda
537 2287 686 2351 existimo
720 2290 851 2355 aeaeria
872 2293 946 2366 ista,
978 2304 1011 2355 et
1030 2313 1133 2381 sacer,-

105 2384 232 2448 dotea'
222 2404 324 2466 ipsos,
345 2388 467 2466 pietatis
486 2389 608 2463 studio,
636 2389 769 2467 divitiis,
789 2412 825 2454 re
844 2379 992 2476 maguum
1011 2392 1056 2457 eia
1075 2393 1133 2459 im-
1240 2438 1242 2442 .

105 2486 324 2569 pedimentum
343 2489 524 2564 adserente,
544 2492 776 2554 exonerandos.

496 2610 748 2686 Franci'seus.
1034 2694 1037 2701 Ι

184 2718 270 2784 Utile
288 2722 420 2798 suades,
440 2724 491 2785 vel
510 2722 646 2799 idcireo,
672 2723 761 2806 quod
779 2722 961 2804 hujusmodi
979 2722 1013 2785 in
1033 2722 1129 2787 sacris

111 2819 216 2883 donee
234 2834 323 2900 sunt,
345 2823 465 2887 animos
487 2824 616 2886 incitant
628 2822 796 2904 cupiditate
809 2822 960 2898 habendi,
981 2821 1129 2886 ubivero

107 2921 214 3002 fictilia
233 2935 326 2984 erunt
346 2920 435 2999 iasa,
456 2940 489 2986 et
499 2925 595 2986 ‘lineae
614 2923 805 2987 Pontificum
818 2927 928 2997 mitra,
947 2925 1129 3007 frugalitatis

107 3020 294 3086 Christianae
313 3024 552 3087 admonebimur
570 3045 704 3106 semper.
748 3024 880 3105 Expulit
898 3026 982 3086 enim
1006 3023 1129 3105 templis

107 3120 287 3200 Christum,
308 3136 474 3208 postquam
488 3126 600 3188 invasit
612 3126 772 3187 funestum
788 3146 917 3199 aurum,
934 3135 1029 3207 atque
1043 3122 1130 3189 idet'n

107 3244 221 3289 veram
239 3244 371 3309 quoque
391 3227 575 3308 religionem
596 3225 734 3288 excussit
763 3227 871 3289 animia
900 3226 1076 3300 bominum,
1090 3230 1130 3287 'e't
1198 3223 1208 3237 “

108 3325 161 3393 nti
180 3347 321 3401 amorem
336 3326 463 3390 indidit.
501 3328 641 3390 Proinde
661 3327 834 3407 expellatur
854 3335 1012 3387 tantorum
1031 3310 1129 3388 maio-

105 3436 179 3492 rum
195 3447 307 3502 causa,
328 3429 504 3509 expellatur
524 3429 633 3502 semel,
655 3447 691 3489 ac
706 3424 822 3489 deinde
836 3435 980 3489 arceatur
991 3424 1128 3507 semper.
1181 3501 1183 3505 ,

106 3528 182 3592 Hoc
203 3548 313 3592 omnes
331 3527 448 3605 uelint,
469 3547 578 3590 omnes
599 3529 763 3589 studeant.

505 3658 725 3722 Mercator.

182 3762 353 3843 Quantam,
385 3780 480 3844 quam
505 3757 677 3845 jucundam
706 3757 876 3820 novitatem
903 3754 997 3819 uideo
1027 3730 1128 3820 moliii

103 3878 182 3939 voa,
201 3863 228 3925 ai
246 3863 445 3943 pervincatis.

573 3987 585 4037 t
637 3992 659 4035 n
711 4018 721 4037 .

179 4076 348 4142 Pervineet
362 3979 539 4143 ClaristudI
546 3988 744 4159 littattiriliiius
763 4075 828 4138 brec
846 4084 894 4137 eat
910 4091 1013 4135 causa.
1051 4048 1125 4152 ipae

101 4176 319 4260 expugnabit,
340 4198 359 4241 a
379 4199 447 4263 quo
466 4177 716 4261 oppugnabatur.

510 4311 726 4373 Mercator.
837 4328 841 4335 ·

181 4407 246 4472 Sed
263 4408 306 4473 de
324 4408 501 4475 carmanis
520 4421 558 4474 ut
576 4404 692 4474 babet?
