2618 5108
143 815 212 889 132
475 801 647 887 Monilor
681 805 832 909 primus.

137 1007 282 1082 dentem,
300 1005 350 1071 Ne
362 1016 468 1071 vestra
480 1016 573 1089 reget
585 1004 710 1081 omnia,
727 1003 783 1087 qui
797 1003 886 1089 qnod
899 1000 1043 1084 jubebit,
1059 1002 1174 1066 lacitel

138 1109 231 1196 quod
249 1105 390 1186 vetabit,
409 1107 533 1191 fugite!
554 1107 674 1184 Vides,
694 1106 774 1192 quid
792 1107 962 1192 sequaris?

555 1224 594 1287 M
605 1246 625 1286 o
635 1225 721 1285 nito
732 1246 758 1286 r.

215 1327 388 1406 Famem,
407 1336 444 1389 ut
462 1339 498 1390 tu
520 1327 698 1403 existimas,
719 1327 776 1389 sed
795 1324 857 1388 boc
876 1325 928 1388 ille
948 1326 1073 1390 viderit.

545 1444 576 1506 L
589 1467 610 1506 u
619 1444 709 1508 ther
718 1465 739 1504 u
749 1465 775 1506 s.

216 1543 287 1612 bno
306 1556 342 1609 tu
361 1543 495 1622 videris,
515 1565 588 1608 nam
608 1543 666 1607 tibi
686 1545 824 1608 ludetur.

555 1662 589 1724 Nl
603 1661 752 1725 onitor.

213 1764 299 1830 Nihil
328 1784 475 1833 moveor.
534 1763 614 1826 Nam
646 1774 801 1844 praeterea
829 1763 921 1828 valde
951 1764 1071 1828 arridet
1100 1765 1179 1830 mibi

137 1867 305 1950 negotium
327 1862 506 1929 istiusmodi
526 1863 780 1946 Episcoporum‚
802 1876 834 1926 et
854 1865 1065 1929 honorificum
1087 1867 1178 1929 vide·

138 1978 191 2031 tur
210 1990 281 2032 esse
302 1967 450 2044 Christo,
479 1987 573 2030 suum
591 1964 745 2028 vicarium
770 1965 816 2027 sic
840 1965 968 2043 vestiri,
998 1968 1044 2031 sic
1078 1967 1176 2053 cingi,

138 2069 185 2135 sic
214 2067 339 2148 ornari,
371 2067 418 2131 sic
446 2069 577 2132 affluere
611 2065 747 2145 divitiis,
780 2077 812 2127 et
840 2071 980 2147 potentia
1012 2071 1178 2152 preditum

137 2191 220 2238 esse.
261 2171 330 2255 Qui
359 2170 527 2255 quomodo
557 2167 620 2255 (liei
640 2184 750 2249 posset
775 2169 939 2233 Christum
968 2193 1034 2233 non
1056 2160 1202 2251 coleres

138 2291 210 2335 oum
231 2271 338 2335 asinos
359 2291 492 2353 quoque
512 2269 677 2349 (familiare
698 2269 743 2333 illi
767 2268 960 2352 jumentum,
993 2275 1124 2356 quaudo
1144 2272 1195 2339 in¹

137 2373 231 2436 terris
257 2370 407 2454 degebat)
426 2391 506 2434 auro
525 2369 652 2446 frenet,
681 2395 719 2436 ae
738 2394 881 2456 purpura
899 2362 1057 2457 integat.ll
1076 2377 1178 2456 Quale

138 2484 187 2536 est
216 2474 279 2534 hoc
307 2482 429 2547 autem,
459 2472 487 2534 si
512 2472 618 2554 (quod
646 2497 810 2555 speramus
840 2497 913 2537 eum
943 2495 1039 2557 posse
1074 2479 1178 2557 certo)

137 2574 205 2638 istis
225 2573 290 2636 suis
311 2573 452 2637 clavibus
472 2574 627 2669 reserabit
655 2579 788 2653 eoelum,
817 2598 944 2659 nosque
971 2599 1013 2639 ex
1043 2577 1166 2641 deliciis

137 2689 170 2741 et
189 2676 323 2759 opibus,
353 2686 549 2758 purpuratos
576 2685 610 2737 et
640 2689 812 2740 coronatos
842 2698 950 2740 secum
983 2649 1179 2758 introducet,

138 2798 212 2842 cum
247 2799 307 2839 vos
338 2778 469 2840 sordide
500 2788 568 2840 acta
595 2778 724 2841 iuterim
757 2778 838 2852 vita,
869 2778 1022 2842 contemti
1052 2780 1120 2858 bic,
1147 2793 1180 2846 et

139 2880 282 2965 despecti
302 2877 445 2945 aerumnis
466 2890 499 2942 et
517 2878 650 2968 miseriae
669 2877 915 2963 relinquamini?

547 2998 770 3060 Lutherus.
797 3001 798 3004 ’

216 3100 303 3163 'l'otal
324 3104 376 3164 vid
398 3121 486 3165 erras
497 3143 507 3178 ,
529 3098 561 3161 e't
581 3101 697 3162 vellem
717 3094 900 3180 corrigere,
927 3096 954 3159 si
973 3095 1182 3164 monitionem

140 3199 312 3284 acciperes.

559 3319 760 3382 Monltor.

217 3421 286 3483 lam
304 3420 414 3484 audivi
433 3419 634 3495 satiemulta,
656 3442 726 3503 quse
747 3416 899 3494 docuisti,
921 3430 952 3481 et
972 3417 1029 3480 tibi
1050 3419 1182 3504 quidem

142 3543 221 3600 ero,
242 3534 277 3585 ut
294 3522 400 3604 prius,
421 3522 560 3597 amicus,
581 3522 637 3584 sed
659 3542 675 3581 a
689 3521 846 3583 Pontillce
862 3523 1031 3597 Romano,
1053 3523 1080 3583 si
1092 3525 1183 3585 liceat

140 3625 252 3702 etiam,
272 3635 379 3689 tartreu
398 3621 567 3687 dissentire
586 3624 831 3704 haudquaquam
844 3632 946 3684 tutum
967 3635 1025 3684 esl.
1065 3626 1182 3708 Neque

142 3736 177 3788 tu
199 3728 360 3807 postulare
379 3726 478 3788 debes
499 3724 539 3786 ab
559 3725 679 3798 amico,
700 3734 735 3783 ut
748 3744 820 3785 meo
839 3725 1044 3788 incommodo
1060 3747 1182 3791 morem

142 3825 202 3889 tibi
220 3846 349 3909 geram,
373 3836 406 3887 et
426 3842 479 3889 tua
499 3845 609 3901 ceusu,
630 3838 665 3887 ut
689 3827 804 3888 malum
819 3827 902 3888 ultro
919 3826 995 3888 mibi
1010 3847 1182 3894 accersam.

534 3942 759 4006 Lutberus.

233 4044 350 4130 Neque
370 4046 517 4126 postulo,
543 4056 575 4106 et
594 4045 786 4108 beneficium
812 4045 956 4125 accipere
978 4067 1044 4110 non
1064 4049 1181 4131 debeo,

146 4147 238 4232 quod
257 4147 332 4223 tibi,
354 4147 410 4232 qui
430 4145 577 4223 dederis,
599 4147 779 4208 nociturum
799 4151 905 4211 eciam.
943 4151 1023 4210 Nam
1041 4149 1087 4211 sic
1107 4152 1185 4215 ami·

147 4249 252 4314 citium
272 4261 359 4313 tuam
378 4251 476 4325 volo,
506 4258 543 4310 ut
562 4267 599 4307 ea
619 4248 735 4311 nullius
757 4249 834 4310 boni
854 4249 971 4312 excitet
990 4249 1184 4317 inimicitiam

147 4352 225 4431 tibi,
256 4374 298 4416 ne
330 4353 407 4413 dum
427 4351 516 4429 ejus,
547 4369 642 4432 quem
667 4358 704 4409 tu
735 4360 767 4411 et
792 4351 919 4413 beatum
944 4350 1120 4430 existimas,
1151 4366 1185 4418 et

151 4454 256 4519 omnia
275 4474 372 4535 posse
391 4449 563 4515 arbitraris.
600 4451 717 4534 Neque
736 4453 802 4514 hoc
818 4472 888 4515 mea
907 4464 970 4530 est,
993 4475 1089 4538 quam
1108 4477 1183 4540 ago,
