2618 5108
247 59 728 247 ’.φεῦγ’-σι.
770 224 788 235 0

241 753 298 829 Ad
322 754 496 854 Imperat.
524 759 713 831 Caesarem
738 757 911 834 Carolum
930 760 1048 857 Epist.
1105 763 1178 844 279

151 955 311 1028 macro,
352 947 493 1012 dicendae
527 971 629 1014 cause
664 961 852 1031 potestatem
889 974 955 1016 non
984 953 1097 1031 iacias,
1126 957 1179 1019 vel

148 1047 357 1111 calamitosius
387 1061 418 1110 ct
437 1048 557 1130 pejoris
578 1051 714 1131 exempli
734 1054 877 1118 accidere
907 1056 1017 1131 nobis,
1039 1060 1178 1138 quamsi

150 1149 286 1230 publicae
316 1150 467 1213 libertatis
491 1153 636 1214 adsertor
663 1153 836 1233 puniatur?
869 1158 910 1217 Et
936 1167 1038 1217 tamen
1058 1157 1178 1240 magnis

142 1253 237 1332 ,apud
252 1262 283 1311 te
303 1252 562 1314 contentionibus
578 1255 772 1332 eluctarrtur,
792 1267 963 1339 utrumque
978 1268 1012 1318 ut
1030 1260 1092 1320 liat.
1131 1261 1180 1321 Ac

151 1349 215 1433 jam
235 1353 413 1433 quoddam,
435 1365 470 1414 ut
491 1343 616 1430 icrunt,
637 1356 774 1417 edictum
795 1366 997 1419 extorserunt
1013 1356 1090 1433 tibi,
1112 1378 1178 1441 quo

150 1451 307 1515 librorum
344 1452 430 1515 istius
466 1454 603 1517 lectione
637 1455 707 1517 orbi
739 1457 953 1531 interdicitur,
983 1457 1083 1539 ipsius
1108 1459 1180 1519 vitae

150 1551 371 1635 prejudicium
391 1553 588 1629 continetur,
609 1578 724 1638 magno
739 1579 809 1619 cum
827 1560 939 1620 dolore
955 1557 1094 1638 publico,
1115 1560 1181 1638 pri-

140 1674 238 1725 „mum
260 1653 335 1736 quia
355 1656 522 1716 maximum
542 1655 687 1718 videmus
707 1659 768 1719 hoc
786 1657 990 1720 reviviscenti
1010 1657 1072 1739 jam
1086 1659 1180 1723 liber·

149 1755 207 1818 tati
227 1755 487 1835 impedimentum
509 1755 623 1836 objici,
654 1759 771 1820 deinde
798 1759 886 1842 quod
915 1759 1023 1820 serunt
1049 1761 1110 1820 hoc
1129 1760 1181 1823 isti

151 1856 280 1940 pondus
301 1857 438 1919 consiliis
459 1856 524 1919 suis
543 1869 770 1942 prerogatum,
792 1859 1004 1939 intempestivi
1025 1854 1179 1937 homines,

150 1978 219 2019 non
238 1957 273 2018 in
292 1979 332 2019 eo
354 1979 420 2041 quo
440 1959 557 2040 cuique
577 1961 665 2021 bono
678 1965 831 2041 prodesse
847 1959 995 2038 cogitent,
1006 1960 1035 2034 *)
1056 1962 1113 2021 sed
1126 1963 1181 2023 nbi

151 2059 292 2121 offensas
312 2080 383 2120 suas
404 2063 656 2137 exequivolunt.
698 2061 784 2142 Quid
803 2060 860 2124 tibi
879 2082 952 2122 cum
970 2061 1092 2141 privata
1104 2062 1182 2143 Epi·

152 2178 326 2239 scoporum
346 2160 464 2221 invidia
483 2159 595 2244 igitur,
616 2161 647 2224 in
668 2164 728 2222 hoc
744 2161 895 2238 concilio,
918 2181 983 2244 quo
1008 2163 1049 2224 de
1065 2161 1182 2243 repub·

152 2260 213 2322 lica
234 2270 398 2321 tractatum
415 2273 636 2323 convenerunt
653 2263 818 2343 Principes
837 2284 873 2323 ac
891 2265 1029 2341 populus
1051 2263 1182 2325 Germa·

150 2359 234 2424 uiae?
264 2360 314 2422 Sic
343 2362 383 2422 dc
408 2362 537 2441 publico
563 2362 693 2426 meritus
721 2384 860 2446 unquam
878 2361 929 2424 hic
949 2363 1032 2425 ordo
1052 2378 1118 2439 est,
1147 2375 1183 2427 ut

139 2461 339 2525 ·iutermissis
359 2463 455 2524 rebus
477 2485 596 2524 summe
617 2464 820 2540 necessariis,
848 2465 923 2523 solis
944 2464 1183 2528 Ecclesiastico·

151 2585 226 2627 rum
246 2563 471 2647 questionibus
501 2585 629 2644 operam
661 2566 736 2626 dare
764 2563 961 2625 conveniat?
993 2563 1074 2647 Fige
1101 2585 1182 2642 esse,

152 2675 259 2728 tamen
281 2663 355 2745 quia
381 2663 575 2745 iniquissima
598 2675 726 2744 petunt,
756 2677 788 2724 et
811 2664 885 2725 luric
904 2663 1038 2744 imperio
1059 2664 1183 2747 totique

156 2763 228 2826 orbi
263 2763 441 2827 Christiano
486 2764 768 2844 perniciosissima,
810 2764 961 2826 serendos
997 2775 1183 2842 non-puto.

155 2869 314 2932 Accusant
334 2875 526 2940 Luthernm,
546 2875 578 2926 et
596 2865 775 2926 haereticum
796 2867 944 2941 clamant,
964 2887 1030 2925 uon
1045 2864 1184 2926 animad-
1247 2913 1250 2916 -

156 2977 335 3040 vertentes,
372 2965 496 3048 quantis
524 2986 561 3026 ea
587 2987 639 3028 res
659 2964 841 3028 criminibus
865 2974 1020 3027 teneatur.
1059 2966 1123 3028 Sed
1140 2966 1184 3028 ita

139 3079 321 3142 accusant,
342 3067 384 3129 ita
405 3069 553 3142 clamant,
573 3077 610 3126 ut
623 3066 800 3127 inauditum
819 3067 873 3126 abs
895 3077 926 3129 te
946 3066 1086 3128 damnari
1107 3085 1184 3128 eon·

156 3171 302 3244 tendant,
331 3179 428 3249 teque
449 3167 568 3248 magnis
589 3167 873 3230 vociferationibus
893 3186 935 3228 ne
959 3168 997 3228 ad
1019 3166 1185 3228 dicendam

157 3291 282 3334 causam
297 3271 448 3331 accedere
468 3269 570 3349 ipsum
590 3268 732 3349 patiaris,
753 3267 1053 3342 circumsistunt.⁰‘’)
1093 3265 1185 3326 Vidit

157 3374 252 3436 ullam
293 3368 445 3450 majorem
476 3367 693 3448 indignitatem
727 3368 921 3431 Germanis?
952 3370 1049 3428 ullum
1081 3364 1183 3441 majus

156 3474 228 3536 tulit
255 3471 416 3535 dedecus?
446 3469 503 3553 qui
529 3474 602 3533 tanti
629 3470 757 3532 sceleris
783 3490 857 3531 reus
887 3465 1087 3550 agitur‚***)
1118 3483 1184 3526 non

158 3577 270 3639 audire
297 3594 369 3635 cum
395 3571 429 3634 id
448 3573 582 3635 maxime
612 3582 713 3652 petat,
748 3589 809 3632 nec
838 3568 902 3650 pati
927 3584 1106 3646 expurgare
1136 3584 1182 3639 se,

159 3687 214 3738 aut
233 3674 367 3756 objectis
388 3674 600 3755 respondere,
626 3693 698 3733 cum
724 3662 925 3752 id'precibus
945 3687 1077 3751 quoquc
1098 3667 1183 3728 effla·

160 3776 266 3860 gitet?
294 3779 397 3838 Totus
423 3789 526 3837 tremo
552 3785 583 3834 et
604 3774 832 3853 perhorresco,
867 3770 1025 3832 mentione
1045 3767 1111 3842 rei,
1127 3767 1184 3827 'ab

159 3878 247 3941 omni
266 3873 513 3952 consuetudine,
544 3874 630 3937 omni
654 3874 784 3954 antiquo
810 3891 920 3944 more,
946 3869 1085 3951 legibus,
1102 3867 1185 3969 jure

158 3990 193 4042 et
211 3978 419 4061 religionibus
439 3976 643 4039 alienissimae.
682 3977 762 4038 Nam
781 3983 895 4034 utnon
913 3971 951 4031 sit
970 3969 995 4031 is
1016 3981 1184 4048 Hactenus,

160 4078 217 4164 qui
238 4080 400 4142 veritatem
419 4078 648 4160 evangelicam,
672 4076 726 4137 diu
745 4071 807 4153 jam
826 4069 1034 4133 intermissam
1054 4069 1183 4144 referat,

159 4201 343 4265 magnoque
363 4179 491 4255 studio,
512 4178 641 4241 summis
653 4174 815 4239 laboribus
832 4171 997 4254 praedicet,
1017 4181 1102 4232 tuam
1115 4171 1185 4250 dig·

160 4330 389 4347 Μ

195 4390 223 4460 ⁸)
243 4403 382 4460 coquens:
401 4400 516 4457 cogitant.
574 4388 618 4460 ll)
642 4399 856 4445 circumsistunt:
877 4388 1058 4439 circumsident.

194 4477 254 4546 w)
271 4487 385 4543 Agitur:
404 4491 496 4544 aratur.

133 4544 158 4583 a.
