2588 5048
267 1148 570 1245 Erasmi
625 1144 1158 1239 Roterodami

690 1343 727 1391 ad

224 1477 543 1554 Senatum
598 1475 1199 1582 Argentinenaem

527 1650 891 1769 Epistola.

243 1971 417 2047 Erasmus
441 1973 711 2050 Roterodamus
735 1974 881 2049 Senatui
905 1962 1164 2074 Argentinensi

620 2110 653 2186 S:
688 2115 736 2187 D.
752 2117 788 2202 ⁴⁵)

196 2393 378 2508 Magnifici
397 2426 569 2501 Proceres‚
590 2445 630 2486 ne
647 2446 706 2489 vos
722 2427 776 2490 aiu
796 2440 937 2490 teneam:
957 2439 1005 2491 est
1023 2428 1092 2491 istic
1111 2440 1220 2494 Joann

195 2553 252 2592 nes
276 2535 390 2590 Scotus
421 2525 652 2622 tgpographus,
686 2526 742 2609 qui
769 2526 891 2607 pridem
923 2530 1051 2591 excudit
1078 2530 1220 2593 libellum

195 2625 296 2691 Ulrici
319 2623 454 2688 Hutteni
472 2623 505 2688 in
524 2646 575 2688 me
599 2624 765 2705 scriptum,
792 2630 919 2709 plenum
937 2628 1109 2693 manifestis
1130 2652 1221 2693 men·

195 2726 309 2805 duciis,
340 2724 459 2789 addidit
488 2726 625 2807 picturas
665 2726 809 2802 odiosas;
845 2713 908 2790 nec
935 2729 998 2790 hoc
1035 2740 1218 2808 contentus,

194 2851 306 2894 rursus
334 2830 412 2890 clam
442 2827 577 2890 eundem
604 2825 739 2888 libellum
768 2846 839 2889 cum
864 2825 1020 2892 invectiva
1039 2826 1219 2912 cujusdam,

195 2928 230 2991 in
256 2917 342 3012 ipro,
379 2926 531 3011 quicquid
563 2946 671 2989 scurra
700 2926 829 2989 auderet
858 2927 892 2989 in
918 2948 1057 2991 scurram
1089 2928 1216 3007 dicere,

194 3029 340 3108 congerit
370 3027 403 3089 in
428 3049 501 3089 me:
539 3026 598 3089 Me
624 3027 819 3090 desertorem
850 3048 920 3090 esse
949 3027 1132 3112 Evangelii3
1163 3049 1216 3092 me

195 3136 383 3206 corruptum
401 3125 536 3207 pecunia
554 3122 669 3188 bellurn
689 3147 801 3209 gerere
821 3127 971 3191 adversus
989 3130 1215 3213 Evangelium3

194 3245 246 3289 me
266 3224 368 3287 frusto
388 3226 476 3306 panis
490 3224 626 3287 conduci
644 3246 738 3306 posse
753 3228 794 3289 ad
811 3228 946 3310 quidvis.
985 3229 1071 3309 Quid
1085 3239 1217 3311 oportet

193 3324 383 3390 recensere?
409 3336 494 3390 totus
518 3324 658 3401 libellus,
689 3337 801 3408 practer
820 3326 927 3391 insana
946 3329 1108 3405 convicia,
1137 3327 1216 3391 nihil

195 3417 303 3492 habet.
356 3428 405 3490 Ea
434 3447 485 3489 res
509 3426 712 3489 vehementer
749 3427 840 3490 etiam
883 3426 1041 3509 displicuit
1072 3437 1215 3494 Lutkero

193 3538 226 3592 et
245 3536 510 3605 Melanchtlrom',
538 3525 594 3612 qui
614 3525 807 3610 inteliigunt,
828 3528 930 3589 nullos
950 3527 1092 3590 homines
1113 3528 1215 3613 magis

192 3630 319 3692 officere
349 3628 481 3709 negotio
521 3627 734 3709 Evangelico,
773 3646 867 3711 quarn
904 3629 992 3691 tales.
1050 3632 1215 3710 Expostu-

186 3729 325 3792 lantibus
357 3728 480 3803 amicis,
512 3748 570 3791 cur
599 3726 670 3791 talia
698 3726 836 3805 iaceret,
874 3738 1010 3812 uterqrre
1045 3731 1217 3812 respoudit

189 3830 355 3905 atrociter,
376 3828 521 3892 minitans
540 3827 634 3893 etiarn
652 3826 826 3891 acerbiora.
866 3828 1027 3905 Tandem,
1048 3841 1083 3892 nt
1103 3830 1215 3907 audio,

189 3930 327 4019 monitus
360 3938 408 3992 eat
436 3928 529 4015 etiam
548 3948 605 4009 per
624 3927 747 4010 aliquos
767 3949 809 3989 ex
834 3927 1033 4008 magistratu,
1066 3951 1108 3992 ne
1135 3930 1215 4015 quid

185 4050 223 4122 jn
249 4040 414 4111 posterum
440 4029 572 4092 auderet
600 4027 711 4092 simile.
759 4027 815 4090 Ille
845 4040 1027 4111 contempto
1053 4029 1126 4111 jure
1154 4053 1216 4113 pu·

185 4128 289 4206 blico,
332 4128 421 4212 quod
457 4128 629 4192 detestatur
669 4127 791 4191 libellos
826 4127 984 4207 famosos,
1031 4141 1216 4215 contempta

220 4311 1216 4382 *firmamamentumarrersaan1u133narter

253 4402 374 4458 Ausrtbe.
