2618 5108
198 690 282 838 ‘dit
551 755 710 859 Spongia
733 755 876 832 Erasini
936 737 938 741 ¹

209 950 325 1020 stolide
343 947 539 1014 vociferetur
554 947 589 1014 in
608 971 810 1035 quemquam.
847 948 1034 1016 Certe-nibil
1051 945 1155 1010 minus
1170 951 1229 1021 em,

205 1072 306 1141 quam
326 1052 526 1118 Cuminarius.
573 1051 616 1116 Et
641 1052 735 1132 hujus
758 1052 822 1116 riri
846 1072 964 1114 nomeu
988 1050 1149 1113 Huttenus
1168 1057 1230 1108 tm

208 1157 301 1221 illoto
320 1172 480 1228 ammone,
499 1161 583 1214 tanta
598 1151 781 1236 perstringit
793 1151 980 1226 acerbitate,
1001 1149 1091 1232 quosi
1109 1157 1231 1228 patrem

207 1254 311 1338 ipsius
329 1264 489 1330 necasset,
508 1272 580 1315 essm
600 1251 651 1314 ille
671 1273 832 1336 nunquam
849 1253 951 1315 verbo
971 1249 1083 1313 leserit
1096 1244 1250 1323 Hntteni¹

209 1355 262 1419 vel
300 1374 390 1431 rem,
423 1346 476 1416 rel
510 1372 648 1430 nomen,
685 1355 737 1416 rel
775 1353 920 1416 amicum.
965 1349 1050 1412 Huic
1086 1346 1231 1428 adjungit

208 1456 367 1522 Ioannem
388 1452 607 1530 Gebvilernm;
630 1452 730 1537 qualis
750 1453 850 1537 qualis
870 1463 932 1527 est,
959 1449 1085 1534 quidvis
1111 1447 1228 1528 potius,

207 1575 305 1642 quam
325 1553 545 1630 Curtisanum;
576 1554 633 1638 qui
658 1574 730 1616 eum
760 1553 835 1615 mihi
860 1551 1063 1634 usqueadeo
1088 1548 1164 1611 nihil
1183 1558 1231 1612 est
1299 1596 1307 1613 ,

206 1655 440 1730 familiaritatis,
469 1665 505 1718 ut
524 1675 584 1717 nec
602 1656 654 1717 ille
674 1674 814 1736 unquam
833 1653 943 1714 viserit
963 1652 1045 1714 ades
1065 1670 1168 1723 meas,
1197 1657 1230 1709 et

208 1776 273 1842 ego
293 1755 376 1820 illius
401 1776 442 1817 ue
461 1754 607 1817 noverim
629 1755 773 1838 quidem,
802 1764 978 1835 neuterque
1000 1750 1105 1825 alteri,
1124 1751 1176 1811 rel
1195 1747 1230 1811 in

205 1856 261 1921 ria
282 1855 322 1919 sit
347 1876 486 1939 unquam
515 1858 651 1918 locutus.
699 1856 741 1916 Et
760 1865 863 1917 tamen
882 1854 925 1916 ita
943 1853 1051 1917 scribit
1070 1851 1229 1913 liuttenus

205 1959 289 2024 male
309 1958 441 2020 edoctus
462 1978 563 2042 asuo
576 1967 783 2039 suggestore:
805 1956 929 2038 „Atque
950 1955 1007 2017 bos
1026 1953 1122 2016 babes
1143 1951 1230 2014 domi

206 2069 287 2135 ture,
310 2079 382 2120 oum
409 2078 459 2120 ma
478 2055 637 2131 excludis,
657 2068 689 2119 et
709 2054 900 2138 quotidianis
920 2052 1229 2116 confabulationibus

208 2157 394 2241 dignarisl“
421 2157 472 2220 De
490 2156 663 2219 Gebvilero
683 2157 768 2231 dixi,
790 2177 859 2238 quse
878 2155 952 2217 mibi
972 2155 1011 2216 sit
1029 2173 1101 2215 cum
1121 2172 1161 2214 eo
1182 2153 1248 2221 las

209 2256 379 2321 miliaritas.
409 2256 512 2318 Bems
526 2256 660 2330 amicus,
681 2276 717 2317 ac
733 2256 855 2318 vicinus
869 2255 978 2331 etiarn,
999 2273 1229 2335 nonnunquam

208 2355 266 2417 rix
286 2355 365 2417 intra
385 2353 466 2415 duos
486 2373 609 2416 menses
628 2377 679 2417 me
710 2358 806 2418 semel
829 2355 944 2418 invisit.
983 2354 1228 2437 Oquotidianas

161 2527 162 2530 Ἴ
206 2452 496 2517 confabulationes!
539 2455 601 2516 Sed
631 2455 708 2537 quid
740 2457 873 2536 imputes
901 2455 1068 2519 Huttenol
1104 2455 1156 2517 Sic
1184 2453 1230 2516 illi

205 2553 363 2617 detulerat
381 2555 538 2637 choragus
558 2553 651 2635 hujus
670 2555 793 2618 fabula.
841 2554 926 2637 Quid
957 2556 1143 2638 cogitabunt
1161 2555 1229 2616 brec

204 2656 367 2739 legentes,
390 2653 533 2739 quirem
552 2656 732 2718 noverunt?
760 2657 821 2718 Sed
841 2657 1027 2729 Lelmnum,
1048 2655 1228 2717 Ecmonda-

205 2777 300 2832 num,
330 2757 481 2819 Atensem
501 2755 575 2818 olim
594 2754 803 2838 vituperatos,
832 2777 917 2818 nurse
936 2757 1048 2835 partim
1067 2754 1227 2836 ambigua,

206 2857 318 2939 purtim
340 2858 469 2939 oblique
488 2866 588 2917 tracto
610 2857 643 2917 in
662 2857 812 2936 epistolis.
860 2855 942 2919 Cum
962 2865 1043 2917 esset
1064 2855 1227 2915 internos

206 2958 311 3020 toedus
330 2959 481 3020 adversus
500 2958 605 3041 hostes
625 2957 802 3038 linguarum
829 2969 861 3016 et
879 2958 1033 3018 bonarum
1053 2955 1225 3031 literarum,

206 3054 334 3131 lateor,
367 3077 418 3117 me
448 3076 676 3137 nonnunquam
706 3068 851 3138 questum
883 3078 941 3136 per
967 3056 1112 3135 epistolas
1141 3056 1228 3134 apud

207 3149 325 3215 amicos
345 3154 385 3215 de
407 3157 615 3236 quorumdam
644 3156 795 3235 pertinaci
819 3156 1053 3237 conspiratione
1073 3156 1226 3224 aslversus

206 3252 338 3318 meliora
357 3252 470 3316 studia.
507 3255 548 3315 Et
568 3255 611 3317 ita
630 3257 779 3319 cumillis
799 3258 914 3320 bellum
928 3257 1027 3338 gessi,
1050 3267 1086 3318 ut
1098 3276 1226 3338 semper

206 3373 309 3417 essem
339 3372 516 3435 propensus
543 3355 584 3416 ad
610 3375 737 3434 pacem,
769 3357 797 3419 si
822 3356 1016 3438 contigisset.
1068 3357 1219 3438 Itaquea

205 3454 342 3517 Latomo
362 3474 487 3534 semper
505 3457 694 3535 temperavi,
725 3478 853 3538 sperans
885 3457 957 3518 iore
983 3468 1019 3519 ut
1047 3456 1224 3531 desinerem

207 3557 414 3618 Ecmondano
439 3576 600 3639 uunquam
626 3557 780 3620 blanditus
807 3581 892 3631 sum;
927 3556 1054 3621 Atensis
1082 3554 1132 3618 vir
1158 3567 1227 3619 erat

206 3675 269 3718 nec.
293 3656 497 3730 inhumanus,
527 3676 586 3717 nec
606 3656 734 3742 iniquus
753 3658 846 3721 bonis
865 3657 981 3734 literis,
1014 3659 1072 3720 sed
1090 3657 1224 3739 ingenio

205 3753 360 3818 imitabili.
398 3756 510 3837 ltaque
535 3779 594 3838 per
607 3761 768 3841 quosdam
786 3761 957 3821 monachos
977 3778 1013 3818 ac
1035 3760 1222 3842 Theologos

206 3868 373 3938 protrusus
400 3868 462 3934 est,
483 3870 519 3921 ut
536 3872 645 3941 ageret
673 3860 815 3922 odiosam
839 3859 986 3921 fabulam.
1025 3862 1067 3922 Et
1086 3859 1143 3944 qui
1162 3862 1226 3923 bue

207 3957 382 4036 adegerunt
400 3959 575 4034 bominem,
594 3961 703 4022 eadem
724 3982 823 4040 opera
841 3962 1017 4042 adegerunt
1034 3961 1067 4022 in
1079 3972 1225 4023 mortem.

207 4056 285 4117 Erat
304 4057 388 4117 enim
408 4058 553 4120 imbecilli
566 4061 762 4135 valetudine,
785 4073 816 4122 et
829 4059 881 4123 irae
896 4060 1078 4140 impatiens,
1100 4060 1223 4138 injuria

206 4153 355 4223 insolens.
405 4158 454 4219 Ac
474 4170 546 4237 post
564 4156 658 4239 hujus
684 4173 817 4223 mortem
840 4162 974 4224 maxima
993 4162 1086 4241 coepit
1106 4182 1144 4224 ea
1161 4173 1225 4224 tra·

207 4256 309 4338 gordia
321 4256 542 4319 incrudescere
551 4303 560 4335 ,
581 4271 616 4320 ut
627 4259 790 4341 intelligas,
805 4261 891 4323 illum
902 4265 998 4324 multa
1014 4266 1222 4328 moderatum.

206 4356 311 4418 Porro
332 4357 420 4437 quod
439 4357 538 4420 deso
560 4359 688 4448 scripsi,
719 4362 804 4426 illum
828 4361 870 4425 ab
890 4364 1036 4428 omnibus
1064 4387 1134 4430 esse
1156 4369 1223 4429 lau·
