2618 5108
145 242 150 251 „a
158 234 188 243 -ι
193 59 618 254 ναν-εκ·-
661 234 679 247 0

345 734 520 809 adversus
544 732 782 834 adspergines
803 732 966 812 Intteni.
1094 735 1176 817 ,483

106 924 108 927 ’
156 925 277 990 addidit
293 925 347 991 illa
367 925 450 1009 aspis
470 925 587 990 mneni
605 927 758 994 nonnihil.
810 927 923 1015 lta'qua
943 886 1088 995 Coloniae·
1103 949 1177 1014 para
1292 1020 1295 1025 .

155 1028 215 1095 tim
232 1026 308 1092 mibi
326 1025 525 1103 referebant,
544 1026 630 1090 illum
650 1028 734 1110 apud
751 1042 921 1111 magnates.
939 1042 972 1096 et
990 1028 1024 1097 iu
1042 1032 1177 1096 celebris

154 1128 215 1194 bur
243 1126 401 1192 conviviis
425 1126 637 1191 inimicissime
671 1130 762 1213 loqui
792 1131 832 1194 de
855 1152 923 1207 me;
953 1152 1015 1194 neo
1048 1131 1175 1199 interim

154 1248 353 1311 cognoscere
365 1228 474 1308 potui,
493 1227 549 1289 ubi
569 1228 793 1294 diversaretur.
833 1231 996 1307 Tandem,
1018 1230 1173 1312 pervesti-
1295 1223 1300 1233 ’

153 1341 228 1412 gato
250 1328 446 1405 diversorio,
475 1328 545 1391 ruisi
566 1329 604 1391 ad
630 1331 716 1393 illum
737 1330 902 1407 famulum,
929 1329 986 1414 qui
1004 1329 1174 1410 nuntiaret,

156 1450 208 1493 me
230 1450 349 1509 cupere
369 1429 509 1514 colloqui
532 1451 602 1495 cum
622 1450 672 1492 eo.
710 1431 766 1492 Ille
785 1433 871 1493 latus
891 1442 923 1493 et
941 1433 1042 1495 alacer
1061 1429 1174 1498 inritat

155 1531 196 1592 ad
217 1530 394 1611 prandium.
431 1532 562 1594 Exeuso
583 1533 624 1594 de
645 1531 792 1612 prandio,
819 1531 877 1595 sed
896 1530 1060 1614 aprandio
1074 1529 1179 1598 vania·

153 1630 193 1692 ad
212 1629 419 1714 colloquium.
468 1632 524 1693 llle
545 1632 725 1696 venientem
745 1652 864 1695 summa
892 1652 964 1695 cum
982 1632 1173 1700 humanitate

147 1729 287 1810 aceepit3
326 1732 474 1793 collocuti
513 1753 620 1794 sumus
645 1731 731 1796 horis
760 1731 889 1816 aliquot.
925 1733 1172 1813 Expostulamua

146 1842 278 1907 mutuo,
310 1851 381 1894 narn
403 1844 435 1893 et
461 1831 505 1894 illi
524 1831 701 1895 nuntiatum
720 1842 801 1907 erat,
824 1851 876 1895 me
902 1851 999 1895 voces
1020 1833 1173 1916 quasdam

149 1931 291 1994 inimicas
313 1932 345 1992 in
365 1929 451 1993 illum
471 1931 641 2012 sparsisse·
670 1935 736 1995 Ncc
756 1931 789 1994 id
807 1928 936 1995 omniuo
955 1951 1073 1996 vanum
1091 1921 1169 1998 erat}

147 2034 292 2112 Questus
312 2029 395 2093 enim
413 2051 499 2094 eram
518 2032 601 2111 apud
620 2033 744 2107 multos,
764 2030 862 2106 illum,
881 2031 1033 2095 adversus
1044 2032 1172 2111 Lulbe·¹

148 2153 220 2196 rum
259 2129 403 2208 missum,
439 2131 485 2194 sic
514 2131 699 2195 debacchari
729 2131 762 2194 in
797 2151 867 2206 me,
904 2130 999 2213 quasi
1031 2130 1168 2198 Lutheri

148 2229 314 2312 negotium
333 2232 373 2292 ad
392 2252 442 2293 me
462 2233 645 2312 perlineret.
681 2232 761 2295 Post
782 2241 921 2294 mutuam
939 2231 1168 2315 expostulatio·

145 2353 220 2394 nem
237 2331 411 2394 discessum
427 2344 475 2395 est
498 2354 570 2395 curn
593 2335 702 2396 osculo
720 2331 836 2396 veteris
852 2331 992 2396 amicilia
1009 2332 1167 2419 symbolo.

148 2432 273 2495 Rursus
300 2432 334 2493 in
361 2431 497 2495 concilio
518 2433 759 2508 Wormatiensi,
797 2454 868 2496 cum
895 2431 969 2495 milri
988 2432 1166 2500 scriberent

146 2531 274 2617 quidam
294 2553 335 2593 ex
355 2534 481 2609 aulicis,
509 2533 593 2596 illum
613 2534 681 2597 dira
699 2535 732 2596 in
751 2554 802 2595 me
820 2533 940 2608 moliri,
970 2532 1067 2597 misso
1087 2554 1164 2614 pro·

145 2633 217 2716 prio
238 2633 405 2696 tabellione
423 2655 481 2714 per
499 2634 604 2697 literas
625 2635 697 2698 satis
717 2633 830 2695 liberas
860 2631 1059 2713 expostulavi
1089 2652 1167 2703 cum
1270 2630 1277 2643 '

146 2753 203 2807 eo,
233 2734 407 2818 eademque
434 2736 475 2798 de
495 2757 530 2796 re
550 2734 661 2816 scripsi
680 2735 843 2816 Episcopo
862 2729 1055 2808 Leodiensi,
1079 2730 1163 2797 illius

146 2843 294 2912 patrono.
341 2835 500 2897 Aleander
528 2855 564 2897 se
593 2834 742 2915 purgavit
765 2832 840 2897 mihi
864 2853 922 2914 per
944 2830 1060 2894 literas.
1098 2829 1163 2897 Ubi

142 2930 272 2996 dimisso
292 2934 428 2998 concilio
447 2955 594 2998 reversus
614 2947 662 2998 est
680 2937 878 3011 Bruxellam,
905 2930 968 2996 adii
986 2928 1168 3009 homiuemt·

143 3033 293 3095 collocuti
312 3054 419 3097 sumus
437 3036 530 3098 h‘oras
550 3035 650 3099 ferme
671 3036 825 3119 quinque.
861 3032 930 3111 lbi,
953 3043 988 3097 ut
1001 3042 1049 3094 est
1061 3031 1164 3115 aperti

144 3131 240 3194 animi
258 3132 428 3213 libereque
447 3134 579 3218 lingue,
602 3137 712 3200 effudit
730 3136 763 3198 in
782 3155 834 3199 me
849 3134 968 3208 ferme,
989 3153 1059 3216 quaa
1073 3151 1162 3203 nune

145 3228 255 3311 objicit
274 3232 451 3296 Hultenus:
470 3255 521 3296 me
538 3232 680 3316 jactasse,
699 3237 785 3299 illum
801 3253 871 3302 esse
882 3244 990 3297 natum
1001 3232 1158 3314 Judaeum,

142 3352 194 3394 rue
212 3331 255 3395 illi
275 3330 416 3395 molitum
435 3332 534 3398 fuisse
552 3334 695 3399 exitium.
732 3337 773 3398 Et
799 3333 878 3419 quid
896 3331 982 3395 non?
1011 3330 1059 3394 lla
1084 3352 1158 3395 can*

140 3431 208 3495 didi
244 3433 287 3496 illi
326 3453 363 3496 ae
388 3433 489 3498 sortes
519 3434 610 3498 amici
641 3434 790 3501 Germani
824 3444 921 3496 totam
946 3430 1096 3494 invidiam
1121 3431 1157 3494 in

140 3553 191 3596 me
218 3535 436 3600 (invaluerant.
472 3534 614 3598 Primum
637 3535 715 3599 illud
741 3535 857 3610 dicam,
896 3552 956 3595 nee
979 3529 1160 3608 amicitiam,
1221 3525 1223 3529 ’

139 3657 200 3698 uec
218 3635 423 3713 inimicitiam,
444 3630 607 3719 quaemihi
625 3636 687 3699 suit
705 3657 777 3699 cum
789 3632 960 3707 Alcandro,
984 3629 1157 3714 quicquan

139 3736 272 3800 attinere
299 3739 340 3799 ed
370 3758 495 3801 causam
525 3738 669 3801 Lutheri.
707 3739 784 3799 Erat
817 3733 951 3808 amicus,
984 3742 1177 3815 autequam*

138 3835 279 3898 auditum
310 3849 392 3898 esset
416 3834 548 3900 Lutheri
575 3858 701 3900 nomen.
739 3837 805 3898 Nec
834 3834 876 3896 ob
903 3832 1079 3895 Lutherum
1108 3831 1152 3896 illi

137 3934 239 3998 iactus
260 3954 329 3997 sum
351 3934 511 4014 inimicus,
543 3941 600 4001 sed
620 3938 708 4022 quod
725 3958 775 3999 me
794 3935 862 3998 sine
889 3953 982 3995 causa
1001 3931 1152 4013 perusia

137 4047 245 4119 geret,
267 4047 302 4097 ut
319 4035 463 4114 aiebant,
484 4058 519 4099 ae
542 4039 655 4101 odioso
677 4035 808 4120 negotio
828 4033 1016 4096 involveret.
1055 4033 1152 4114 Quod

138 4136 165 4200 si
185 4158 243 4218 per
262 4137 385 4220 linguas
404 4135 573 4200 virulentas
593 4138 731 4214 licuisset
756 4157 830 4198 cum
858 4133 1018 4197 Aleandro
1038 4155 1153 4214 perpe·

137 4249 221 4300 tuam
251 4238 367 4302 habere
392 4222 573 4315 amicitiam,
609 4240 745 4301 fortasse
774 4235 877 4299 minus
897 4230 1008 4295 odiose
1027 4243 1158 4315 gestum.

136 4339 248 4402 luisset
272 4341 406 4403 Lutheri
422 4340 601 4424 negotium,
620 4358 681 4403 nea
703 4337 737 4402 in
759 4348 815 4491 1Ξὲ
827 4334 960 4401 urbibus
978 4342 1150 4397 renovatus

172 4443 237 4489 llutt.
250 4444 295 4502 Op.
312 4442 338 4489 T.
351 4442 393 4492 lv.
