2618 5108
112 820 211 902 ..im
329 908 331 913 ยน
363 824 508 900 Eobani
532 823 640 900 Hesai
665 824 713 899 ad
736 825 942 902 Huttenum

141 1020 198 1076 Hic
216 1020 288 1075 nulli
308 1027 446 1075 veterum
464 1020 569 1076 dextra
588 1021 715 1077 victrice
733 1021 904 1092 secundus,

244 1114 403 1186 Praeeipue
420 1115 503 1170 hunc
523 1115 640 1168 titulum
658 1116 752 1171 laudis
769 1116 885 1171 habere
902 1115 997 1172 volet.

144 1208 213 1265 Vos
228 1210 290 1264 duo
308 1208 458 1263 vaticinor
474 1211 630 1268 Romame
639 1208 789 1281 fulmina
803 1211 907 1283 pesti:

245 1301 379 1369 Fallere,
400 1301 536 1370 Christe,
554 1312 642 1371 vete3
662 1320 753 1374 quem
773 1303 847 1357 facia
866 1303 922 1357 ista
938 1299 1033 1372 loqui.

143 1393 200 1449 Sed
221 1404 250 1448 te
269 1395 419 1466 praecipue
433 1411 505 1467 spes
523 1405 650 1462 nostrae,
669 1398 820 1463 Huttene,
840 1405 1020 1462 morantur,

203 1493 207 1504 '
246 1489 322 1544 Pars
340 1489 409 1561 quia
426 1497 458 1542 tu
476 1489 571 1543 nostri
589 1488 721 1543 maxima
737 1506 835 1559 nuper
852 1503 929 1544 eras.

144 1580 262 1636 Scimus
281 1582 378 1651 enim,
397 1582 523 1637 rudibus
542 1582 613 1635 dum
628 1591 658 1637 te
677 1582 820 1636 metimur
836 1582 874 1636 ab
893 1582 996 1651 annis,

247 1676 301 1730 Illa
320 1675 409 1730 animi
428 1692 518 1748 quam
536 1674 575 1730 sit
591 1675 638 1729 vis
653 1692 801 1745 generosa
820 1675 873 1734 tui.

145 1767 247 1844 Quam
264 1769 356 1824 sortia
374 1769 504 1823 tolerare
526 1777 634 1839 potens
652 1769 806 1840 utriusque
824 1769 983 1838 laborem,

249 1862 317 1917 Sive
331 1876 444 1933 >parens
462 1860 580 1930 veniat,
597 1861 660 1916 sive
680 1880 813 1918 noverea
829 1862 895 1918 tibi.

146 1954 307 2031 Quamque
326 1956 415 2012 etiam
437 1971 525 2010 casua
544 1956 645 2011 venias
664 1967 807 2028 expertus
826 1955 854 2009 in
877 1972 1003 2025 omnes,

248 2051 351 2126 Quam
368 2066 476 2105 manus
492 2049 644 2118 ingenium
662 2049 764 2104 nobile
784 2058 925 2120 prompta
943 2047 1042 2119 sequi.

143 2143 201 2216 Eja
221 2161 294 2215 age,
311 2154 418 2199 noster
435 2143 555 2215 Eques,
574 2153 635 2198 tam
654 2143 774 2198 dotibus
796 2151 882 2197 aucte
902 2141 1058 2211 benignis!

251 2239 361 2294 Talem
379 2245 409 2290 te
427 2237 547 2307 populis
566 2239 614 2290 sae
632 2253 745 2308 precor
763 2251 829 2289 esse
849 2235 950 2289 iidem.

144 2327 215 2386 Nec
232 2329 287 2383 tibi
309 2346 380 2383 cum
400 2328 472 2383 forti
491 2329 617 2384 nimium
634 2345 684 2383 res
701 2330 791 2383 hoste
811 2330 910 2382 futura
930 2335 990 2395 est,

248 2420 380 2476 Vincere
401 2423 451 2494 qui
469 2424 544 2477 tales
565 2425 687 2490 audeat,
709 2424 757 2476 ille
775 2431 887 2494 potesb

148 2514 198 2569 Tu
218 2524 306 2586 potes
325 2515 461 2584 ingentes
478 2517 590 2572 heroas
610 2517 638 2571 in
658 2534 741 2571 arma
759 2516 860 2584 ciere,

250 2608 338 2684 Quae.
344 2610 463 2682 possint
479 2610 561 2682 ipsos
578 2626 663 2665 arma
681 2626 807 2664 movere
825 2610 924 2664 Deos.

145 2701 195 2756 Ah
215 2713 360 2774 pereant,
377 2720 455 2776 quos
476 2703 556 2759 bella
568 2705 674 2774 juvant
693 2720 901 2774 quaeeunque,
922 2719 981 2756 nee
999 2702 1095 2758 ullum

249 2798 414 2852 Deiectum
433 2814 589 2851 armorum
609 2798 779 2868 militiaeque
797 2805 909 2850 tenent.

145 2889 217 2944 Haee
238 2900 308 2945 sunt
321 2892 422 2960 justa,
441 2891 551 2963 quibus
571 2893 667 2946 faveat
687 2890 851 2947 Germania
869 2889 976 2956 bellis,

251 2983 393 3056 Quorum
412 2993 474 3053 est,
495 3003 561 3055 quae
580 2985 684 3056 periit,
702 2985 834 3038 maxima
854 2999 942 3037 causa
961 2982 1047 3038 fides.

145 3076 210 3131 Hos
230 3077 350 3133 Tureus
361 3118 372 3145 ,
391 3078 420 3146 i,
438 3078 527 3132 vince
546 3078 646 3150 prius,
664 3078 840 3147 Germane,
860 3077 970 3147 quibus
989 3086 1019 3130 te

251 3171 330 3225 Tam
348 3171 464 3226 servire
481 3171 531 3224 diu
549 3172 692 3242 turpiter,
719 3188 794 3225 anne
817 3171 930 3242 pudet?

144 3262 264 3318 Deinde
284 3264 358 3319 alios
377 3266 496 3320 Tureas
513 3284 651 3337 quaeres,
670 3281 749 3336 quos
767 3265 890 3318 vincere
909 3260 1029 3333 possis,

250 3358 399 3433 Quosque
420 3359 621 3414 labortuerit
638 3359 761 3415 vincere
781 3360 860 3413 sorte
879 3358 992 3412 minor.

145 3451 202 3506 Sed
221 3461 320 3506 tamen
339 3453 477 3515 imbelles
496 3454 583 3506 facile
603 3463 648 3507 est
665 3470 808 3523 superare
828 3453 988 3508 Cinaedos:

246 3546 297 3602 Nil
317 3547 457 3615 dederis,
476 3547 546 3601 victi
558 3548 621 3616 jam
641 3546 694 3602 tibi
713 3557 795 3616 terga
814 3547 937 3602 dabunt.

142 3638 285 3711 Namque
303 3648 356 3694 tuo
375 3642 494 3711 quoties
513 3658 586 3694 auro
607 3641 658 3696 tibi
678 3642 784 3695 damna
801 3641 952 3708 tulerunt,

247 3734 298 3787 Tu
318 3734 417 3787 damni
435 3751 568 3803 nervos,
586 3735 614 3789 in
634 3746 684 3790 tua
700 3734 856 3801 membra,
873 3734 976 3791 dabas.

144 3826 200 3881 Sed
219 3844 277 3881 nec
296 3843 373 3899 opus
390 3836 526 3882 veterem
546 3829 601 3883 luit
620 3830 672 3884 hic
690 3845 839 3883 renovare
858 3830 1033 3899 querelam,

247 3921 368 3975 Tecum
389 3931 486 3993 eoepta
509 3923 565 3977 fuit
581 3922 701 3990 fabula,
721 3931 828 3977 noster
844 3922 959 3994 Eques.

144 4011 332 4068 Germanum
351 4032 463 4068 nomen
483 4015 713 4088 libertatemque
731 4016 885 4086 jacentem

244 4107 357 4175 Erige,
376 4109 492 4163 adhoc
513 4109 628 4164 facinus
648 4120 677 4164 te
697 4119 746 4165 tua
764 4112 821 4164 fata
840 4119 962 4168 vocant.

139 4200 237 4254 Addet
255 4199 433 4269 imaginibus
454 4203 583 4256 multum
601 4220 651 4256 res
670 4203 725 4258 ista
743 4213 866 4258 tuorum

243 4295 401 4364 Luminis,
422 4304 452 4349 et
469 4305 606 4350 vestrum
624 4313 737 4351 nomen
756 4298 793 4351 ad
813 4308 889 4352 astra
908 4298 997 4354 leret.

140 4387 287 4460 Quamvis
308 4405 391 4442 nunc
411 4389 499 4443 etiam
523 4390 639 4443 clarum
658 4391 750 4445 decus
768 4391 988 4460 Huttenorum,

243 4483 291 4538 Te
310 4481 388 4536 duee
398 4480 462 4552 jam
482 4483 572 4538 terris
588 4483 729 4540 arduiora
748 4485 838 4541 celat.
