2618 5108
172 840 240 914 166
461 838 663 914 Praedones
711 837 897 939 Dialogus.

552 1030 697 1094 Franci
704 1051 806 1094 scus.

247 1129 404 1196 Concede
421 1131 503 1196 ictuc
519 1134 572 1210 tu,
590 1142 623 1192 et
637 1151 688 1194 mc
704 1143 813 1212 patere
828 1153 901 1196 cum
913 1134 976 1196 hoc
991 1153 1087 1214 egere
1099 1153 1194 1196 nasac.

575 1254 792 1318 Huttenus.

261 1355 463 1433 Concedam,
484 1368 516 1421 et
531 1358 638 1438 patiar.
674 1357 726 1418 Tu
740 1376 819 1419 uero
837 1378 878 1419 nc
894 1357 1097 1434 obliviscere,
1118 1357 1198 1442 quid

166 1458 222 1525 ilie
238 1469 398 1524 mereatur
419 1458 463 1521 ob
483 1456 729 1521 maledicentiam
749 1459 820 1539 plus
840 1457 937 1520 nimio
960 1480 1139 1539 procacem.

549 1581 804 1645 Franciscus.

243 1682 332 1748 Audi
349 1703 402 1747 me
422 1682 553 1766 amplius
565 1683 744 1746 Mercator!
766 1683 854 1745 Istud
865 1705 995 1760 censes,
1015 1706 1081 1747 non
1102 1707 1198 1765 posse

166 1781 351 1866 Principes,
378 1783 476 1867 igitur
496 1785 557 1846 boc
582 1782 670 1846 dabis
690 1783 783 1846 etiam
802 1784 893 1860 mihi,
924 1785 1070 1846 omnibus
1090 1787 1198 1850 lacere

167 1883 259 1972 quod
277 1906 405 1969 equum
424 1895 493 1962 eet,
518 1884 614 1947 licere
633 1902 774 1961 semper,
794 1896 827 1945 et
845 1880 987 1965 cujusvis
1008 1883 1142 1967 injussu.
1267 1868 1275 1887 ⁶

575 2004 789 2070 Mercator.

243 2107 373 2173 Licere.

556 2229 813 2293 Franciscus.

241 2330 330 2413 Quid
357 2331 442 2394 aliud
470 2329 548 2394 facis
570 2331 682 2414 igitur,
704 2352 800 2414 quam
819 2332 914 2414 quod
931 2334 1028 2413 paulo
1049 2343 1121 2397 ante
1142 2337 1197 2398 ad·

165 2431 310 2509 eeruisti,
333 2431 367 2495 id
385 2430 450 2513 jam
468 2433 593 2516 negas?

572 2554 790 2618 Mercator.

243 2656 366 2720 Tamen
388 2657 554 2740 praedones
574 2667 648 2720 sunt
666 2654 698 2719 in
719 2654 891 2740 Equitibus
910 2657 1002 2721 valde
1021 2659 1120 2723 multi.

554 2779 808 2843 Franciscus.

244 2883 288 2947 Et
305 2882 339 2945 iu
371 2881 438 2945 aliis
467 2891 540 2944 sunt
559 2880 723 2944 ordinibus
749 2882 848 2944 multo
875 2884 1000 2964 plures,
1031 2886 1197 2970 longeque

164 2981 426 3071 perniciosiores.

576 3108 790 3170 Mercator.

241 3210 317 3274 Non
338 3207 454 3285 video,
476 3208 532 3271 nbi
552 3208 625 3272 sint.
673 3211 676 3217 '

554 3310 581 3372 F
589 3307 808 3373 ranciscus.

244 3409 428 3477 Ostendam.
466 3410 608 3473 Primum
628 3421 733 3472 autem
752 3408 878 3470 fatearis
899 3428 1030 3471 necesse
1051 3420 1115 3484 est,
1139 3410 1197 3492 qui

158 3504 200 3578 ¹in
218 3511 316 3594 sylvis
336 3523 368 3573 et
388 3510 473 3595 agris
492 3509 732 3585 latrocinantur,
753 3530 818 3570 non
839 3529 949 3572 omnes
970 3531 1040 3572 esse
1061 3511 1199 3594 equites.
1237 3568 1243 3584 ,

164 3616 265 3690 Nem,
292 3625 328 3677 ut
348 3610 620 3695 profligatissimus
642 3611 778 3693 quisqam
799 3619 865 3685 est,
895 3620 927 3672 et
944 3631 1065 3673 summe
1084 3613 1199 3695 despe-

166 3727 271 3793 ratus,
297 3715 340 3777 ita
358 3712 504 3775 facillime
525 3711 643 3796 flagitio
662 3732 731 3773 sese
751 3710 896 3792 accingit.

566 3834 785 3899 Mercator.

244 3940 287 4004 At
307 3938 406 4019 prima
429 3937 469 3999 de.
488 3937 579 3998 arabis
601 3949 632 3998 et
651 3938 800 4012 maxima,
822 3925 1025 4021 quoties’tale
1037 3936 1195 4022 quispiam

166 4041 202 4105 fir
214 4085 223 4118 ,
243 4041 382 4123 suspicio
403 4050 467 4116 est,
489 4050 519 4102 et
539 4060 598 4100 nos
619 4038 784 4120 praedones
806 4059 957 4102 vocamus
976 4039 1122 4123 Equites.

591 4163 842 4227 Franciscus.

244 4263 332 4346 Qui?
353 4263 436 4325 vos?

567 4390 788 4453 Mercator.

241 4490 305 4571 Qui
325 4489 461 4555 maxime
480 4488 666 4571 diripimur,
689 4502 903 4561 Mercatores.
