2618 5108
139 795 212 868 altiss
455 794 614 892 Spongia
636 793 778 867 Erasmi

140 988 188 1048 los
204 986 282 1049 vidit
301 987 334 1047 in
351 1006 422 1047 arce
436 984 607 1049 Francisci.
636 989 708 1068 Ego
727 985 869 1070 quotidie
886 984 1045 1066 experior,
1067 1004 1168 1066 quem

139 1086 230 1150 multi
258 1097 420 1168 potentes,
458 1086 561 1161 docti,
593 1107 705 1168 gaves
739 1099 770 1149 et
796 1088 873 1148 boni
892 1086 952 1148 viri
971 1095 1167 1147 execrentur

139 1186 275 1250 Lutberi
301 1207 434 1261 nomen,
466 1206 602 1268 quorum
628 1186 695 1248 talis
726 1197 773 1247 est
804 1187 959 1258 eriulitio,
993 1185 1059 1247 talis
1089 1185 1166 1246 vitre

139 1286 318 1362 sinceritas,
351 1297 386 1348 ut
411 1285 467 1347 vix
495 1286 610 1365 possim
638 1287 805 1365 suspicari,
840 1289 890 1347 vel
917 1287 1030 1347 affectu
1051 1305 1164 1346 errare

139 1389 209 1450 illos
230 1389 282 1449 vel
300 1384 433 1465 judicio.
480 1387 529 1448 Ac
554 1406 594 1447 ne
621 1386 660 1447 tle
681 1387 756 1447 sede
785 1386 912 1468 quidem
938 1388 1080 1447 Romana
1100 1406 1172 1445 un·

140 1506 234 1569 quam
265 1487 477 1548 inconstanter
505 1488 655 1567 loquutus
681 1509 766 1560 sum;
793 1487 986 1566 tyrannidem
1013 1495 1043 1545 et
1071 1505 1167 1564 rapa·

139 1588 278 1660 citatem,
308 1599 484 1669 caeteraque
509 1585 601 1660 vitia,
633 1586 672 1648 de
694 1589 807 1669 quibus
827 1586 887 1666 jam
910 1586 983 1646 olim
1010 1597 1102 1646 vetus
1124 1606 1164 1647 ae

139 1687 233 1750 bonis
263 1687 339 1749 viris
369 1687 543 1749 communis
574 1691 703 1766 querela
730 1699 792 1758 est,
824 1707 986 1767 nunquam
1016 1687 1166 1764 probavi.

139 1789 208 1850 Nec
226 1788 435 1866 indulgentias
456 1808 588 1867 usquam
609 1787 640 1848 iu
662 1799 758 1848 totum
778 1787 912 1859 damno,
943 1787 1061 1846 etiamsi
1084 1808 1163 1848 cau·

138 1887 327 1970 ponatioues
347 1888 411 1950 illas
431 1887 712 1968 impudentissimas
740 1907 864 1966 semper
888 1886 1058 1946 detestatus
1079 1907 1166 1949 sum.

140 1989 227 2067 Quid
247 1989 287 2051 tle
307 1987 490 2049 caerimoniis
517 1988 658 2060 seutiam,
694 1986 763 2047 libri
789 1986 849 2046 mei
875 1985 978 2046 multis
1005 1985 1084 2045 locis
1115 1997 1164 2046 te·

141 2099 272 2151 stantur.
315 2087 379 2149 Ubi
404 2106 483 2148 vero
504 2097 669 2148 execratus
700 2107 768 2147 sum
795 2087 845 2164 jus
878 2085 1097 2160 Canonicum,
1130 2097 1167 2148 ct

137 2187 327 2250 Pontificum
347 2185 445 2247 scita?
466 2185 551 2264 Quid
570 2197 672 2246 autern
691 2186 740 2258 sit,
762 2184 945 2246 Pontificem
966 2183 998 2244 in
1015 2185 1165 2248 ordinem

141 2287 305 2364 redigere,
326 2305 392 2345 non
411 2284 484 2346 satis
503 2285 653 2363 intelligo.
692 2284 832 2346 Primum
847 2285 969 2363 opinor,
991 2283 1159 2364 fatebitur,

138 2390 247 2450 Rome
285 2404 353 2447 esse
382 2384 554 2476 ecclesiam.
600 2386 678 2444 Nam
709 2383 874 2444 multitudo
906 2385 1058 2445 malorum
1090 2408 1162 2448 uon

139 2486 245 2560 efficit,
267 2505 333 2568 quo
353 2485 454 2546 minus
474 2482 513 2544 sit
532 2485 677 2556 ecclesia3
710 2483 827 2563 alioqui
846 2487 941 2545 nullas
967 2485 1157 2551 haberemus

140 2585 296 2647 ecclesias.
335 2587 378 2647 Et
405 2584 560 2659 arbitror,
589 2606 657 2646 esse
682 2586 899 2645 orthodoxam.
937 2587 1014 2645 itam
1039 2586 1065 2645 si
1102 2588 1166 2669 qui
1208 2643 1209 2648 ,

136 2687 228 2751 mixti
244 2697 316 2750 sunt
334 2685 440 2766 impii,
473 2697 576 2747 tamen
599 2683 742 2745 inbonis
767 2696 869 2744 manet
892 2686 1032 2745 ecclesia.
1071 2688 1163 2750 Huic

141 2801 245 2852 eutem
272 2786 409 2850 ecclesie
432 2785 517 2848 dabit
541 2783 655 2865 opinor
678 2783 879 2863 Episcopum.
920 2787 999 2844 Eum
1021 2787 1163 2864 patietur

141 2908 210 2951 esse
228 2888 530 2967 Metropolitanum,
550 2895 754 2964 posteaquam
768 2894 814 2942 tot
827 2895 898 2944 sunt
915 2885 1164 2969 Archicpiscopi

139 2989 172 3049 in
195 2988 241 3050 bis
262 2986 463 3066 regionibus,
492 2985 525 3045 in
548 2984 663 3065 quibus
687 2986 789 3044 nullus
820 3005 958 3065 uuquam
985 2985 1046 3045 fuit
1065 2989 1156 3066 Apo-

138 3089 253 3160 stolus,
282 3107 353 3146 cum
378 3089 479 3147 lloma
502 3083 611 3145 habeat
633 3095 664 3142 et
693 3074 821 3147 Petrum
843 3097 874 3145 ct
898 3096 1051 3163 Paulum,
1072 3088 1156 3149 duos

35 3180 39 3186 ⁶
139 3184 207 3246 sine
236 3184 452 3245 controversia
481 3203 628 3245 summos.
665 3184 751 3244 .Jaiu
776 3185 854 3245 iuter
876 3186 1155 3266 llletropolitanos,

141 3285 217 3368 quid
246 3282 373 3344 absurdi
397 3283 452 3357 sit,
485 3283 510 3342 si
534 3282 651 3361 primus
677 3286 764 3347 locus
791 3286 883 3359 detur
909 3287 1056 3347 Pontifici
1088 3290 1158 3352 Ro·

140 3385 255 3449 mano?
274 3386 352 3446 Natu
372 3384 451 3444 hauc
472 3393 584 3443 tautam
603 3395 807 3462 potestatem,
836 3407 930 3465 quani
950 3387 1010 3446 sibi
1033 3389 1158 3457 saeculis

55 3503 60 3506 “
139 3488 259 3568 aliquot
294 3493 503 3563 usurparunt,
542 3485 643 3571 nullus
678 3484 798 3544 audivit
830 3507 879 3546 mc
921 3486 1158 3550 del'ciulcuteiu.

140 3589 203 3650 Sed
224 3588 382 3647 Huttenus
404 3603 470 3644 non
493 3581 556 3644 lert
570 3583 757 3645 Pontificem
774 3585 977 3662 pestilentem.
1017 3588 1054 3647 ld
1067 3601 1159 3667 opta·

139 3707 207 3748 inus
227 3706 353 3758 omnes,
373 3694 407 3744 ut
432 3682 583 3744 Pontifex
607 3685 646 3744 sit
666 3690 714 3743 vir
731 3685 915 3764 Apostolico
934 3689 1004 3746 loco
1027 3687 1160 3768 diguus.

141 3786 259 3866 „Quid,
278 3786 304 3846 si
329 3784 355 3845 is
375 3804 439 3844 nou
464 3783 660 3862 contingat?“
680 3785 872 3863 Depellatur.
911 3787 1010 3868 Atqui
1040 3790 1156 3852 eadem

140 3885 261 3945 ratione
294 3883 472 3960 depellendi
508 3896 612 3944 essent
647 3905 755 3944 omnes
784 3885 950 3967 Episcopi,
995 3887 1050 3968 qui
1087 3911 1160 3952 uon

141 3984 321 4062 iunguntur
331 3985 433 4046 officio
454 4006 525 4046 suo.
562 3985 640 4057 „Sed
662 3985 816 4064 precipua
829 3988 936 4046 mundi
952 3988 1067 4065 pestis,
1090 3988 1157 4068 joui

140 4084 242 4144 multis
270 4085 357 4146 anuis
383 4086 474 4148 lluxit
496 4106 513 4146 a
534 4086 661 4145 Roma.“
700 4086 824 4146 Utinam
846 4086 954 4148 liceret
978 4089 1079 4148 isthuc
1106 4090 1156 4150 in-

140 4182 257 4245 llciari!
284 4187 326 4248 At
351 4184 411 4264 jam
442 4184 574 4265 contigit
594 4184 763 4257 Pontifex,
786 4187 999 4265 (pusularum,
1022 4200 1056 4248 ut
1070 4191 1156 4252 arbi·

141 4292 217 4359 tior,
244 4285 363 4347 viribus
379 4287 440 4346 boc
462 4287 545 4363 agit,
568 4297 601 4345 ut
627 4306 694 4346 eain
720 4284 824 4344 sedem
851 4297 882 4345 et
903 4286 1030 4348 Curiam
1056 4291 1152 4353 nobie

142 4396 302 4465 purgatam
326 4386 446 4448 reddat.
491 4385 528 4446 ld
549 4404 615 4446 non
633 4397 737 4465 sperat
767 4386 936 4448 Huttenus.
980 4392 1021 4450 Et
1046 4400 1153 4454 tanicu
