2618 5108
140 807 213 883 262
426 801 469 875 In
495 800 699 876 Concilium
722 802 868 876 Worrn.

141 996 293 1062 violentis
311 996 484 1078 repellere,
504 1014 682 1077 eorumque
701 993 741 1056 ab
761 972 970 1077 oppressione
982 993 1125 1055 manibus
1137 1004 1169 1055 et

140 1099 253 1182 gladiis
278 1096 443 1161 vindicare
472 1117 543 1160 nos.
591 1095 674 1177 Quia
702 1094 786 1158 enim
814 1098 1007 1159 stomachum
1028 1096 1169 1160 movistis

139 1201 231 1278 mihi,
255 1200 359 1262 audeo
379 1197 506 1274 (licere,
540 1217 583 1259 cx
602 1195 694 1257 vobis
712 1198 867 1259 neminem
882 1217 950 1259 esse
964 1198 1169 1277 Episcopum.

141 1302 262 1367 Omnes
295 1298 380 1363 enim
410 1297 528 1360 emistis
556 1296 802 1378 Episcopatum,
837 1317 943 1380 neque
970 1297 1105 1380 aliquem
1127 1319 1168 1359 ex

141 1401 235 1465 vobis
264 1399 390 1475 merita,
430 1398 488 1460 sed
514 1419 626 1459 aurum
659 1397 809 1478 provexit
837 1400 876 1458 ad
909 1399 1037 1471 gradum
1074 1402 1168 1461 hunc.

140 1503 229 1568 Illum
250 1501 346 1585 gratis
367 1501 500 1563 <landam
519 1497 669 1581 gratiam,
690 1498 822 1577 pecunia
837 1499 1025 1574 aestimastis,
1048 1511 1079 1561 et
1095 1499 1168 1562 ideo

141 1605 273 1689 gratiam
301 1623 366 1665 non
392 1601 535 1677 habetis,
565 1622 663 1684 quare
690 1599 783 1662 etiam
803 1599 955 1681 Episcopi
987 1621 1052 1661 non
1085 1602 1170 1664 estis.

143 1709 343 1789 Quamquam
370 1718 406 1764 ut
433 1722 498 1763 non
518 1700 731 1764 intercesserit
751 1702 808 1763 ista
834 1700 1022 1775 nammatio,
1052 1714 1083 1761 et
1104 1720 1171 1763 tan·

141 1819 210 1872 tum
229 1827 286 1888 per
306 1822 416 1865 manus
437 1801 670 1884 impositionem
689 1802 760 1863 lacti
785 1802 936 1882 Episcopi
956 1803 1038 1878 sitis,
1065 1815 1169 1864 tamen

141 1908 292 1971 abhorret
310 1904 391 1979 vita,
412 1924 473 1965 nec
493 1902 725 1985 Episcoporum
746 1925 842 1984 opera
858 1903 992 1966 iuvabis
1014 1904 1168 1982 videmus,

142 2007 233 2092 quod
250 2027 316 2068 non
336 2003 506 2089 sequimini
525 2023 577 2080 ea,
602 2025 670 2086 quse
692 2005 775 2066 haud
796 2026 953 2088 quaquam
974 2007 1166 2087 redarguen-

141 2109 203 2173 dus
232 2107 353 2170 ordinis
384 2107 474 2169 istius
508 2103 668 2168 institutor
702 2105 837 2180 Paulus,
882 2104 913 2166 iu
941 2106 1109 2187 Episcopis
1138 2106 1167 2169 et

141 2210 343 2291 Presbyteris
364 2208 532 2271 desiderat.
584 2208 661 2269 Nam
689 2205 864 2288 inculpatos
887 2219 918 2267 et
943 2209 1167 2289 irreprehensi·

140 2311 224 2375 biles
244 2313 312 2372 vult
332 2329 421 2384 esse,
447 2308 633 2391 vigilantes,
660 2307 1006 2386 sobrios,'modcstos,
1029 2310 1089 2372 Dei
1105 2311 1169 2372 dis·

141 2422 347 2495 pensatores,
368 2410 553 2492 hospitrles,
586 2408 740 2471 bonarum
760 2431 867 2473 rerum
886 2409 1062 2488 studiosos,
1090 2423 1169 2474 tem·

141 2522 308 2594 perantes,
340 2511 429 2593 pios,
459 2509 580 2592 justos,
612 2511 652 2572 ad
682 2511 862 2572 docendum
895 2523 1001 2592 aptos,
1034 2533 1117 2573 vrrse
1137 2526 1171 2576 et

142 2611 251 2676 solidae
270 2612 460 2675 eruditionis
481 2626 622 2688 tenaces,
642 2624 678 2675 ut
697 2610 802 2674 idonci
823 2611 899 2686 sint,
922 2614 977 2694 qui
997 2615 1170 2676 exhorten-

141 2723 194 2778 tur
225 2713 369 2777 doctrina
395 2734 488 2790 sana,
526 2726 558 2777 et
578 2715 838 2777 contradicentes
868 2714 1075 2792 convincant,
1102 2738 1170 2778 non

140 2816 338 2898 pertractos,
371 2815 560 2890 iracundos,
601 2814 728 2878 rixosos
760 2827 813 2876 aut
842 2838 1065 2897 percussores,
1100 2837 1169 2878 non

140 2918 338 2993 vinolentos,
365 2938 425 2978 nec
444 2915 579 2997 turpiter
597 2920 687 2979 luero
708 2918 850 2992 deditos,
872 2930 925 2979 sut
945 2917 1080 2980 avaritie
1103 2930 1169 2980 stu·

140 3019 262 3082 diosos.
301 3018 405 3080 Etiam
431 3018 511 3082 lama
539 3018 696 3100 integros,
731 3030 762 3080 et
788 3019 822 3080 in
850 3041 931 3101 quos
957 3041 997 3080 nc
1025 3021 1168 3102 suspicio

141 3116 271 3204 quidem
290 3119 362 3182 mali
381 3119 482 3182 cadat.
528 3119 607 3182 Vult
626 3119 710 3181 enim
730 3119 762 3181 in
783 3118 934 3199 opinione
955 3142 1086 3202 quoque
1110 3124 1168 3185 ho·

139 3218 261 3284 minum
280 3219 320 3281 de
333 3208 372 3280 se
388 3219 473 3282 bona
492 3220 612 3283 versari
634 3224 727 3294 tales,
751 3241 810 3282 nec
827 3232 989 3302 utcunque
1006 3222 1166 3285 calumniae

141 3321 297 3385 obnoxios
319 3340 400 3384 esse·
437 3324 480 3383 Et
500 3332 535 3383 ut
547 3321 697 3396 videatis,
720 3343 813 3404 quam
828 3343 888 3382 non
903 3321 982 3382 serat
996 3337 1166 3404 corruptos

139 3422 175 3487 in
193 3423 362 3508 Episcopis
381 3443 504 3498 mores,
527 3421 565 3485 ab
586 3443 697 3484 eorum
713 3423 806 3483 etiarn
822 3421 937 3482 familia
956 3423 1167 3506 integritatem

140 3535 173 3589 et
191 3524 261 3587 vitae
283 3523 496 3588 innocentiam
518 3525 665 3606 postulat.
715 3522 776 3604 Qui
796 3523 822 3584 si
842 3523 1020 3604 Episcopus
1040 3538 1168 3589 censeat

139 3626 255 3703 hodie,
288 3625 416 3690 creditis
439 3624 531 3688 vobis
551 3626 632 3687 ferat
659 3625 858 3702 depravatam
880 3624 1009 3686 vivendi
1031 3647 1166 3689 consuc-

140 3727 298 3804 tudinem,
331 3748 403 3790 cum
423 3725 658 3808 Episcoporum
677 3725 774 3786 libros
795 3738 826 3787 et
846 3727 1001 3789 ministros
1028 3729 1167 3791 voluerit

140 3825 279 3910 probatis
300 3848 370 3890 esse
389 3828 542 3890 moribus.
587 3826 729 3890 Proinde
758 3827 893 3889 animum
920 3827 1090 3911 aliquando
1111 3833 1162 3894 ad·

56 3947 60 3955 ·
140 3928 272 4005 vertite,
292 3939 328 3990 ut
348 3950 408 3991 vos
423 3929 632 4012 cognoscatis.
671 3930 720 3991 Ac
738 3927 812 3990 illud
831 3930 981 4005 desinite,
1003 3933 1164 3996 hominum

139 4028 257 4110 judicie
277 4049 412 4111 cogere,
434 4040 466 4091 et
480 4032 562 4093 velle
578 4053 635 4113 per
647 4042 802 4093 terrorem
824 4032 943 4092 anobis
957 4045 1164 4118 extorquere,

138 4141 174 4194 ut
194 4149 267 4191 cum
297 4130 364 4194 sitis
393 4130 432 4192 ub
467 4130 701 4213 Episcoporum
733 4133 837 4194 officio
865 4133 1064 4210 alienissimi,
1094 4139 1165 4218 plus

140 4243 261 4319 tpmen,
284 4253 378 4315 quam
398 4233 483 4295 veris
504 4233 671 4313 Episcopis
693 4233 845 4309 debetur,
865 4234 957 4296 vobis
980 4236 1166 4302 tribuamus.

139 4334 258 4399 Audite
290 4354 369 4395 vcro
389 4333 569 4409 Christum,
600 4346 635 4394 ut
663 4337 701 4396 ad
729 4336 798 4415 ejus
821 4336 994 4398 doctrinam
1014 4359 1084 4399 cuin
1105 4360 1164 4401 vos

136 4434 365 4511 formaveritis,
402 4456 468 4498 non
498 4436 568 4500 sine
593 4435 699 4499 fructu
726 4439 819 4504 nobis
849 4461 983 4527 quoque
1012 4443 1166 4524 praeeatis.
