2618 5108
517 792 783 892 exposuero.
1086 796 1160 871 aas

140 989 244 1063 duco,
264 1007 359 1070 quam
377 1006 444 1051 uon
462 987 642 1072 simpliciter
661 1008 698 1050 ac
716 987 833 1070 optima
852 989 934 1065 lide,
964 998 997 1050 et
1015 985 1107 1072 loqui
1127 1000 1162 1053 et

137 1091 247 1151 lacere
275 1088 391 1151 omnia.
436 1089 478 1150 Et
507 1109 525 1150 a
552 1108 655 1169 puero
683 1110 786 1172 usque
815 1088 937 1166 studui,
972 1101 1009 1152 ut
1037 1091 1161 1153 sincere

137 1209 284 1252 versarer
304 1199 337 1250 et
355 1188 499 1250 candide.
547 1191 626 1268 Quae
651 1211 701 1252 mc
722 1190 815 1252 etiam
841 1211 892 1253 res
913 1191 1161 1268 (evidentissime

138 1291 224 1357 sensi
242 1290 316 1365 hoc)
336 1291 452 1370 magis,
487 1311 581 1372 quam
600 1292 661 1352 ulla
681 1290 754 1365 alia,
783 1289 898 1372 passim
918 1290 1160 1356 commendavit.

141 1389 246 1469 invito
265 1392 345 1453 hanc
365 1389 459 1465 mibi,
484 1400 545 1452 tarn
566 1391 657 1469 gravi
680 1388 816 1471 injuria,
843 1401 1017 1474 extorques
1043 1391 1163 1472 jactan-

142 1489 227 1552 tiam.
264 1490 375 1573 ltaque
394 1511 467 1553 cum
484 1490 517 1552 in
535 1491 699 1572 Principes
720 1511 851 1573 quoque
870 1487 957 1554 viros
971 1491 1161 1574 scripserim,

141 1590 218 1653 nibil
233 1611 283 1654 me
297 1593 447 1654 hactenus
468 1602 601 1654 tutatum
620 1604 683 1665 est,
704 1613 798 1675 quam
818 1594 906 1675 quod
932 1614 1044 1656 verum
1063 1594 1164 1675 scrip·

141 1691 219 1755 aisse
239 1692 400 1754 constabat
418 1703 450 1754 et
471 1691 556 1754 bona
576 1694 617 1755 de
636 1713 738 1755 causa.
777 1694 943 1756 Habentur
964 1693 998 1756 in
1016 1693 1164 1756 manibus

141 1793 377 1859 lucubrationes
404 1813 496 1866 mere,
524 1793 618 1855 animi
636 1793 772 1868 indices,
802 1815 868 1855 nou
886 1793 979 1875 fugio
999 1794 1163 1888 judiclum‚

144 1891 174 1956 si
193 1894 283 1975 quod
302 1892 405 1956 ubivis
424 1893 458 1955 iu
479 1915 670 1978 quemquam
687 1906 757 1957 mea
769 1894 907 1974 positum
925 1895 1054 1969 fraude,
1077 1915 1169 1958 men-⁴

145 1994 271 2057 dacium
290 1992 479 2073 reperietur.
524 1995 724 2074 Quinetiam
749 2016 816 2058 non
841 2006 970 2077 parcant
990 1994 1167 2057 Gennanise

143 2094 312 2174 Principes
330 2092 421 2167 mihi,
439 2114 498 2157 uec
514 2094 553 2156 ab
566 2097 626 2159 ulla
639 2097 783 2178 supplicii
800 2096 962 2158 atrocitate
979 2095 1165 2172 abstineant,

149 2193 179 2258 si
204 2214 345 2274 unquam
374 2195 467 2257 luero
496 2194 673 2258 istiusmodi
701 2196 839 2262 criminis
873 2195 1049 2260 convictus.
1096 2197 1168 2263 tam

144 2299 209 2359 boc
228 2316 246 2355 a
264 2316 315 2357 me
329 2294 398 2377 ipso
411 2297 652 2375 pronunciatum
665 2308 698 2359 et
708 2309 916 2361 contestatum
932 2307 1013 2360 esto.
1051 2298 1168 2377 Neque

144 2417 213 2459 non
236 2407 326 2472 suut,
358 2395 414 2480 qui
433 2397 574 2461 studiose
601 2397 721 2481 alioqui
741 2398 950 2482 investigent,
982 2419 1059 2467 num
1088 2395 1181 2480 quid‘

145 2518 282 2579 usquam
308 2497 366 2572 sit,
399 2495 491 2577 cujus
525 2498 690 2560 occasione
723 2500 756 2560 in
791 2498 944 2580 judicium
975 2501 1169 2582 protrahant.

148 2599 213 2678 Qui
232 2598 338 2681 siquid
354 2599 531 2674 inveniant,
556 2621 649 2682 quam
666 2598 757 2663 tacite
773 2601 1003 2681 oppresserint,
1023 2620 1095 2662 cum
1107 2610 1170 2661 tam

148 2699 212 2762 sint
231 2712 381 2781 practerea
408 2700 550 2764 inlensi?
580 2702 678 2781 Quod
705 2699 733 2763 si
753 2699 895 2762 homines
916 2699 960 2761 ibi
980 2700 1072 2775 sallo,
1102 2709 1170 2761 tum

148 2821 217 2874 me,
239 2800 293 2863 cui
311 2801 439 2882 cognitu
458 2812 490 2862 et
508 2811 674 2881 perspectu
694 2811 768 2864 sunt
787 2799 909 2876 omnia,
929 2800 1060 2863 coelestis
1080 2809 1171 2880 pater

148 2911 293 2963 conterat
311 2922 347 2962 ac
364 2900 510 2983 dissipet,
530 2921 636 2984 neque
652 2900 807 2982 propitius
819 2921 959 2983 unquam
975 2899 1031 2975 sit,
1052 2886 1172 2982 siquod

148 3001 186 3067 in
213 3020 404 3083 quemquam
431 3001 534 3063 sciens
569 3003 746 3083 volensque
780 3000 978 3064 mendacium
1017 2999 1170 3063 conscivi.

149 3102 206 3162 'l'u
225 3121 356 3183 quoque
383 3101 508 3164 solebas
535 3100 744 3185 integritatem
774 3114 806 3163 et
831 3103 1001 3164 candorem
1029 3101 1172 3176 tribuere

147 3200 240 3277 nihi,
262 3212 293 3261 et
310 3200 371 3262 nisi
391 3200 604 3276 decrevisses,
623 3223 682 3281 per
701 3203 898 3269 occasionem
917 3202 1171 3266 indecentissime

149 3301 300 3363 assentari
321 3301 510 3363 Hochstrato
538 3322 637 3376 nunc,
667 3303 872 3365 obnixissime
892 3314 979 3364 certo
999 3302 1082 3376 scio,
1103 3302 1172 3364 exi·

150 3401 360 3469 elimationem
384 3399 435 3463 hic
453 3422 554 3462 meam
574 3402 781 3477 defenderes,
805 3403 893 3485 quod
913 3402 1069 3464 anemine
1083 3399 1172 3463 credi

151 3504 270 3576 velles,
301 3503 361 3563 tale
381 3500 416 3563 iu
434 3523 539 3565 meum
564 3502 699 3564 animum
718 3503 870 3585 flagitium
890 3503 1014 3564 cadere.
1054 3501 1118 3563 Sed
1136 3510 1174 3561 ut

149 3603 256 3671 cadat,
283 3601 335 3664 oui
362 3603 488 3664 tandem
518 3601 551 3665 in
570 3604 793 3665 Hochstratum
811 3602 935 3665 mentiri
953 3620 1085 3664 necesse
1105 3600 1174 3662 estt

151 3702 216 3766 Vel
244 3701 314 3785 quis
342 3724 414 3765 cum
443 3702 583 3786 scribere
614 3703 690 3764 velit
723 3702 756 3763 in
793 3702 952 3764 hominem
980 3701 1173 3783 flagitiorum

153 3804 238 3865 mole
257 3803 424 3877 obrutum,
444 3801 652 3885 maximisque
674 3812 861 3881 coopertum
880 3811 912 3862 et
930 3800 1173 3864 contaminatum

153 3902 342 3979 sceleribus,
369 3902 511 3983 inprimis
535 3904 709 3986 profligatae
734 3901 948 3976 conscientias,
970 3912 1002 3963 et
1020 3901 1113 3964 animi
1133 3901 1174 3967 ad

152 4003 281 4089 quidvis
320 4004 501 4065 audendum
535 4002 673 4084 prompti
707 4021 743 4062 ac
767 4000 950 4082 praecipitis,
989 4003 1174 4083 lingendum

151 4103 214 4169 sibi
246 4104 348 4165 adhuc
378 4114 432 4165 aut
460 4102 674 4165 mentiendum
707 4100 858 4165 duxerit?
890 4101 1013 4163 Verum
1042 4103 1107 4163 haec
1137 4112 1174 4167 ut

153 4203 302 4269 omnibus
321 4215 397 4266 nota
416 4204 532 4277 allero,
554 4224 571 4265 a
591 4214 720 4266 levero
741 4202 829 4283 quod
850 4201 943 4263 habet
959 4200 1174 4264 testimonium

152 4306 206 4373 ibe
223 4304 348 4367 bellua?
376 4306 449 4367 Non
471 4324 591 4386 quero,
624 4296 656 4363 iri
676 4303 744 4365 istis
763 4323 847 4363 nunc
867 4302 1088 4364 adulatricibus
1108 4301 1174 4381 epi-

151 4405 260 4480 stolis,
285 4405 345 4466 sed
363 4403 398 4467 in
416 4401 544 4466 auribus
565 4402 758 4482 optimorum
776 4403 920 4556 v2ir30rum
938 4422 1063 4482 quaero,
1097 4403 1175 4486 quid

190 4508 257 4555 llutt.
269 4508 315 4566 Op.
331 4505 359 4551 T.
370 4503 412 4555 μ’.
