2618 5108
465 70 614 306 ι
639 294 681 302 ⁶·-
787 297 849 313 *v'f
915 299 1027 316 ,vs

139 804 224 880 460-
475 803 633 904 Spongia
668 803 810 879 Eresmi

144 994 336 1058 incommodi
346 998 438 1059 bonis
448 994 545 1057 literis
562 1016 639 1058 ame
649 1015 774 1075 semper
785 995 933 1071 delensis,
953 992 1167 1056 tumvetustis

143 1097 324 1172 autoribus,
355 1118 488 1178 quarum
516 1098 712 1159 autoritatem
742 1094 908 1156 restituere
933 1114 1043 1155 conor.
1081 1093 1166 1168 Sed,

144 1196 298 1279 quioquid
312 1207 359 1259 est
375 1200 560 1272 humanum,
580 1195 830 1277 posthabendum
847 1205 903 1266 est,
923 1194 978 1255 ubi
997 1193 1103 1274 agitur
1122 1193 1168 1254 clo

145 1297 246 1379 glorie
272 1296 407 1371 Christi,
441 1298 547 1378 deque
580 1297 759 1357 sinceritate
793 1294 867 1356 fidei
898 1296 1077 1369 catholice,
1111 1293 1170 1356 cui

144 1396 263 1458 utinam
279 1397 456 1472 Lutherus,
481 1398 532 1457 vel
552 1395 656 1478 quivis
677 1396 753 1455 alins
770 1395 995 1468 consuluisset,
1017 1405 1048 1455 et
1064 1395 1170 1455 libro-

145 1517 216 1559 rum
236 1516 400 1571 meorum,
421 1507 453 1558 et
471 1496 671 1557 fortunarum
688 1493 842 1569 onmium,
863 1505 894 1554 et
910 1494 1003 1571 hujus
1023 1494 1171 1576 denique

146 1595 256 1677 capitis
285 1593 424 1675 jactura!
454 1594 626 1670 Caeterum,
654 1598 739 1657 uncle
770 1597 858 1654 novit
876 1597 1049 1666 tluttenus,
1086 1594 1171 1673 quid

145 1695 239 1758 enimi
258 1696 369 1757 habeat
384 1696 545 1757 Lutherus
565 1716 641 1776 erga
660 1695 732 1756 me?
751 1693 802 1754 Sic
821 1705 987 1773 compotor
1007 1692 1171 1774 quispiam
1215 1769 1217 1774 Ι

144 1794 190 1858 illi
209 1795 332 1868 retulit;
363 1806 394 1854 et
418 1795 469 1856 ille
496 1795 616 1856 audivit
635 1817 675 1856 ex
695 1794 772 1867 alio,
804 1812 912 1853 rursus
939 1793 989 1853 ille
1021 1815 1061 1853 ex
1084 1792 1168 1866 ali0;

148 1905 244 1977 etque
271 1894 313 1956 ita
337 1915 394 1975 per
426 1895 539 1975 viginti
567 1895 741 1955 transfusus
770 1913 878 1954 rumor
909 1891 1071 1972 adipsum
1093 1912 1177 1975 per·-¹

148 1994 248 2057 venit.
287 1998 337 2056 Ex
358 1995 404 2058 his
424 1995 565 2056 contexit
583 1995 715 2056 libellos.
755 1993 858 2054 nihilo
880 1995 948 2071 plus
968 1993 1073 2065 inivit,
1096 2015 1181 2075 quo

122 2168 124 2172 Α
147 2096 253 2159 animo
274 2116 335 2176 ego
353 2096 411 2158 sim
430 2095 462 2156 in
479 2097 666 2157 Luthermn.
696 2096 773 2164 „sat
790 2112 1016 2173 nonnumquam
1035 2093 1173 2173 disputo

145 2197 296 2258 adversus
317 2197 536 2257 Luthcrum:“
564 2195 625 2254 huc
653 2194 726 2254 milri
745 2213 865 2253 novum
892 2212 956 2250 noir
977 2203 1034 2252 est.
1076 2195 1182 2253 Non--

145 2316 307 2375 nuuquam
315 2295 347 2354 iu
359 2295 472 2355 eodem
482 2293 641 2366 convivio,
657 2305 850 2356 Carneadem
864 2293 1015 2366 referens,
1031 2294 1183 2372 disputo·

145 2413 206 2472 pro
233 2395 395 2466 Lutlrero,
441 2403 472 2451 et
506 2403 615 2453 contra
644 2394 838 2469 Lutlierum,
871 2384 1038 2475 aliquando
1069 2393 1171 2455 animi

147 2492 259 2573 gratie,
290 2492 446 2555 interdum
472 2492 652 2571 expiscere,
682 2495 759 2575 quiil
790 2496 839 2555 nic
871 2508 923 2554 aut
957 2494 1006 2553 ille
1038 2494 1170 2568 sentiat,

147 2591 314 2674 aliquoties
343 2604 374 2654 et
405 2593 547 2655 discendi
581 2615 684 2654 carisa.
732 2596 798 2654 nec
829 2616 966 2675 unquam
998 2606 1104 2655 tamen
1130 2615 1172 2656 ca

146 2692 316 2771 disputatio
345 2694 429 2773 apud
461 2713 510 2753 me
535 2696 670 2754 excessit
700 2694 732 2754 in
760 2696 893 2775 aliquam
920 2695 1171 2758 anunulentiam.

145 2793 269 2874 Aequis
290 2793 417 2854 arrribus
447 2805 613 2874 utramque
637 2806 756 2871 partem
777 2796 884 2854 audire
904 2816 1041 2874 possum.
1083 2797 1171 2859 Mihi

146 2895 248 2974 piacet
265 2895 329 2954 lnec
347 2894 471 2955 libertas
492 2892 525 2951 in
546 2893 700 2953 conviviis
720 2907 749 2952 et
764 2894 965 2955 familiaribus
981 2897 1168 2977 colloquiis,

148 3013 212 3074 que
243 3014 323 3072 saepe
358 3006 432 3055 utor
468 2991 651 3066 immodice,
689 2994 819 3054 alioruin
854 2996 972 3054 animos
1012 3017 1053 3055 ex
1092 3019 1167 3057 meo

92 3144 95 3149 .
142 3091 311 3153 ¹aestimans.
350 3095 398 3153 Ac
425 3114 464 3153 ne
491 3113 538 3152 nie
563 3091 646 3152 vitiis
668 3095 811 3152 omnibus
837 3095 977 3168 liberem,
1009 3098 1071 3155 line
1092 3095 1181 3158 milii-

147 3189 259 3250 vitium
288 3203 334 3251 est
360 3193 567 3271 precipuum,
611 3191 655 3251 sic
688 3192 828 3267 insitum,
848 3206 896 3255 -ut
929 3216 1011 3273 segre
1047 3197 1185 3276 possim·

112 3312 118 3322 ·
147 3288 296 3362 vincere,
324 3311 396 3348 cum
416 3312 480 3349 non
500 3293 593 3350 semel
615 3304 763 3370 expertus
787 3295 844 3356 sim
864 3298 1016 3376 qumdam
1037 3300 1170 3373 oblitos,

104 3388 106 3392 ’
149 3410 243 3472 quem
262 3391 358 3449 multa
384 3388 441 3466 ipsi
468 3390 626 3451 liberrime
645 3393 797 3467 eliserint,
831 3397 919 3475 quod
948 3395 1078 3456 arrcrhis
1101 3397 1171 3458 tlic-

147 3501 215 3551 tum
237 3490 371 3569 iirerat„
389 3489 567 3549 meminisse
593 3511 629 3550 ae
655 3494 792 3566 rcl'erre,
828 3506 859 3554 et
887 3515 943 3572 per
963 3494 1171 3560 occasionem

147 3589 341 3671 impingere,
363 3589 466 3651 multis
486 3591 628 3665 interim,
660 3595 762 3666 sitiit,
795 3594 899 3655 allictis
920 3615 955 3653 ac
976 3597 1171 3671 depravatis.

148 3691 250 3771 Atqui
275 3691 408 3750 decebat
424 3711 477 3763 ea,
505 3712 574 3771 quae
604 3692 684 3752 inter
713 3695 825 3770 pocula
845 3695 1008 3766 (licuntur,
1030 3695 1062 3754 in
1085 3698 1168 3758 vino

149 3789 299 3850 seribere.
337 3790 470 3868 Quoties
490 3789 522 3849 in
543 3790 697 3850 conviviis
717 3793 880 3869 imperium
901 3797 1116 3857 transtulimus
1137 3798 1189 3860 in·

148 3902 271 3956 ,latram
291 3886 504 3963 Pontificem,
524 3901 556 3949 et
575 3911 727 3950 summum
747 3891 945 3954 l'ontilicinm
965 3895 996 3953 iu
1017 3896 1176 3960 Maximi·

148 3992 265 4052 lienum
286 3989 451 4050 Caesarem.
483 3977 621 4048 ¹Deinde
643 3991 784 4069 Collegia
808 3993 1040 4054 Marcellorum
1064 4004 1175 4063 inatri-

148 4089 256 4153 monio
297 4087 510 4168 copulavimus
547 4089 686 4168 collegiis
723 4092 966 4166 Moriaclrarrrn13
1001 4117 1077 4156 mox
1114 4103 1176 4160 dc.

150 4191 389 4273 seripsimusex
417 4190 474 4250 iltis
496 4190 669 4251 exercitum
704 4193 855 4253 adversus
878 4195 1013 4265 'l'ureas;
1047 4197 1173 4261 deinde

149 4293 289 4376 colonias
312 4313 353 4353 ex
373 4291 484 4352 iisdem
512 4287 545 4349 in
573 4311 671 4351 novas
691 4290 816 4355 insulas.
869 4293 1016 4355 Breviter
1037 4299 1176 4360 inaver-

149 4413 219 4491 sum
237 4392 323 4455 orbis
343 4401 455 4454 statum
473 4389 682 4455 vertebamus.
731 4390 793 4451 Sed
812 4391 876 4451 hec
895 4403 1176 4465 senatusconsulta
