2618 5108
211 71 694 273 '‘aff—‘¹
736 235 754 247 ν

527 780 726 858 lnrectira.
818 835 821 838 >
1059 785 1131 865 2⁴1

108 972 359 1054 effrenationem,
377 996 445 1060 quo
463 975 561 1040 ruatis
579 976 713 1040 consilio
732 978 795 1043 isto
809 989 915 1044 vestro
927 978 1078 1062 praecipiti
1098 992 1133 1045 et
1241 969 1249 993 ⁸

107 1074 224 1152 derio;
244 1077 369 1141 scimus.
407 1081 521 1162 Neque
534 1080 575 1142 ita
596 1081 734 1160 imparati
753 1102 878 1156 sumus,
898 1089 935 1142 ut
949 1102 1129 1159 occurrere,

108 1177 165 1241 ubi
184 1178 287 1242 visum
306 1177 419 1257 luerit,
440 1201 506 1243 non
521 1181 688 1264 possimus.
726 1182 895 1265 Nunquam
915 1179 1038 1245 avobis
1052 1200 1129 1245 ocu·

107 1279 156 1342 los
175 1278 370 1342 divertimus.
418 1280 522 1344 Etiam
542 1280 597 1364 qui
616 1283 760 1344 locorum
780 1280 886 1363 spatiis
906 1280 1129 1364 disjungimur,

111 1379 219 1442 animis
240 1391 343 1441 lamen
361 1401 463 1461 prope
483 1381 645 1448 constituti
664 1403 782 1445 sumus.
820 1384 873 1443 Ex
893 1381 1027 1465 quadam
1039 1380 1129 1468 quasi

110 1477 217 1563 vigilia
236 1480 269 1542 in
289 1500 386 1561 opera
405 1480 510 1542 onmia
528 1493 650 1557 vestra,
671 1481 765 1544 etiam
784 1482 816 1543 in
838 1481 1013 1544 orationem
1027 1481 1131 1547 inten-

109 1579 222 1644 dimus.
263 1581 349 1660 Quid
368 1591 416 1645 est
435 1581 518 1645 enim
537 1583 616 1659 hoc,
649 1584 737 1666 qnod
757 1603 828 1644 cum
847 1593 882 1644 tu
903 1581 984 1647 illam
1002 1585 1129 1664 praecla-

108 1702 176 1746 ram
202 1681 365 1744 habuisses
393 1682 568 1746 orationem
599 1704 718 1764 paucos
745 1695 817 1744 ante
837 1682 924 1758 (lies,
955 1703 1018 1766 ego
1051 1682 1130 1767 qnid

108 1781 213 1863 pridie
232 1781 383 1860 dixisses,
409 1804 494 1845 nona
512 1783 612 1846 statim
632 1787 709 1846 hora
728 1781 881 1865 postridie
900 1782 951 1845 hic
969 1782 1130 1849 intellexi?
1177 1840 1181 1847 .

108 1881 162 1944 Sic
175 1883 353 1947 desidamus
367 1894 533 1951 Aleander
549 1884 759 1966 satagentibus
772 1882 874 1959 robis,
889 1883 934 1945 sic
946 1883 1131 1951 dormimus»

109 1982 194 2048 Cum
213 1987 303 2046 valde
322 1986 460 2049 admiror
480 1984 618 2059 iuterim,
640 1984 716 2068 quid
733 1983 791 2060 sit,
813 1984 901 2066 quod
915 1983 1006 2047 diffisi
1023 1988 1130 2051 Evan-
1157 1972 1162 1991 ⁸

107 2083 212 2169 gelio,
233 2085 323 2149 diffisi
343 2086 436 2150 sacris
447 2086 543 2149 literis
563 2097 594 2146 et
607 2084 782 2149 Christiana
799 2084 930 2146 veritate
943 2105 1131 2168 oppugnan-

106 2187 168 2250 dos
189 2185 376 2273 edictislnos
395 2185 589 2267 putaveritis.
628 2185 727 2268 Quasi
745 2187 843 2248 ullum
861 2184 962 2265 possit
979 2206 1050 2249 esse
1068 2197 1130 2251 tam

110 2287 250 2348 validum
271 2286 468 2368 imperatoris
482 2287 636 2362 edictum,
657 2285 746 2369 quod
761 2285 840 2352 illatas
852 2285 1019 2348 labefactet
1031 2285 1133 2353 divini

108 2386 203 2448 verbi
221 2386 429 2462 soliditatem,
459 2399 512 2448 aut
539 2408 617 2449 vero
648 2396 801 2468 perpetua
826 2385 950 2449 sithoc
972 2385 1132 2471 Principis

109 2490 273 2564 voluntas,
299 2509 359 2550 nec
378 2489 542 2552 momentis
563 2487 594 2549 in
616 2484 806 2548 contrarium
825 2485 990 2549 mutabilis.
1027 2487 1132 2573 Finge

109 2607 190 2651 vero
209 2608 297 2663 esse,
317 2609 383 2649 oon
401 2587 485 2652 feret
503 2601 606 2651 tamen
626 2586 769 2649 Christus
784 2587 865 2648 banc
881 2585 951 2648 lieri
968 2596 1133 2653 contume-

108 2687 181 2751 liam
195 2687 267 2751 sibi.
305 2689 379 2750 Non
396 2687 489 2750 teret.
531 2691 729 2771 Quamquam
747 2684 947 2748 considerare
968 2696 1001 2748 te
1020 2684 1132 2766 jubeo,

111 2787 190 2872 quid
209 2809 418 2852 concessurus
438 2789 608 2872 aliquando
629 2787 785 2869 putandus
804 2786 863 2861 sit,
894 2806 912 2847 a
941 2785 1034 2848 bonis
1054 2785 1132 2851 viris

109 2889 338 2965 commonitus,
359 2889 448 2952 annis
464 2900 529 2951 tum
546 2888 658 2950 melior
677 2898 708 2949 et
722 2884 916 2967 experientia
936 2885 1036 2948 lactus
1056 2907 1133 2968 pru·

109 2990 254 3065 densior,
268 2989 512 3073 quibocaetatis,
525 2990 622 3050 abste
637 2987 688 3049 tali
703 2987 873 3065 impostore
888 2985 1135 3067 circumventus,

109 3090 194 3155 istud
207 3091 295 3174 quod
308 3102 341 3153 tu
352 3091 398 3153 sic
409 3092 539 3164 exultas,
553 3089 598 3152 sic
609 3088 790 3166 triumphas,
803 3107 888 3148 nunc
902 3087 1028 3150 edicere
1039 3088 1133 3155 susti.

110 3191 204 3255 nuit?
237 3190 334 3255 Certe
358 3191 442 3254 aliud
462 3189 668 3270 respondebit
692 3199 785 3260 tunc,
813 3185 874 3263 jam
894 3187 978 3250 enim
999 3189 1135 3254 circum·

112 3313 221 3357 scssus
241 3312 259 3351 a
277 3291 405 3354 rubellis
422 3289 614 3373 galericulis,
646 3308 710 3350 non
731 3307 808 3349 suus
828 3298 884 3348 est.
932 3290 1058 3370 Quippe
1076 3290 1133 3355 ubi

112 3412 182 3455 esse
203 3393 286 3466 vult,
317 3413 377 3453 vos
395 3390 584 3474 religionem
605 3388 738 3450 infertis.
791 3387 855 3449 Sed
874 3408 1045 3472 quousque
1064 3400 1134 3454 tan*

111 3493 202 3568 dem,
225 3512 395 3575 quousque
418 3490 571 3573 improbi,
592 3489 708 3569 optima
733 3486 839 3549 indole
858 3486 980 3568 praediti
1005 3487 1134 3566 juvenis

111 3591 253 3655 bonitate
273 3591 471 3654 abutemini?
492 3592 545 3652 Tu
567 3610 664 3664 vero,
694 3587 824 3670 quando
851 3587 975 3649 tandem
995 3607 1135 3672 cognos-

34 3726 38 3734 ’
113 3712 182 3769 ces,
204 3693 320 3776 quibus
340 3694 373 3754 in
394 3709 424 3755 te
446 3691 554 3755 anisnis
575 3690 637 3753 sint
655 3688 705 3751 bic
721 3687 885 3750 homines?
909 3689 1046 3767 Quando
1061 3709 1136 3753 scn-

113 3792 189 3869 ties,
224 3814 305 3873 quos
336 3791 450 3856 babeas
484 3812 617 3870 operum
648 3801 775 3852 tuorum
794 3788 1021 3852 aestimatores?
1050 3788 1136 3856 Nihil

112 3892 295 3956 intellexisti
321 3893 467 3974 proxima
492 3877 671 3965 auditione,
702 3909 773 3950 cum
792 3888 895 3950 multis
906 3890 935 3966 ⁴)
965 3910 1135 3954 excusares

111 3993 277 4059 Judaicam
298 3994 470 4075 originem,
498 4015 591 4055 nemo
612 3988 790 4069 objiceret?
821 3990 898 4050 Nam
920 4009 990 4051 esse
1008 3994 1135 4070 malum,

112 4114 304 4179 quacunque
322 4096 416 4157 etiam
435 4104 529 4177 gente
550 4095 682 4165 editum;
703 4089 842 4150 sciebant
863 4109 983 4151 ornnes.
1021 4091 1134 4176 ltaque

111 4215 207 4259 nemo
226 4215 419 4278 magnopere
439 4195 581 4278 putabat,
611 4191 736 4277 generis
766 4188 950 4271 pravitatem
970 4189 1026 4253 tibi
1052 4193 1135 4273 obji-

57 4480 60 4484 ,
148 4433 178 4502 ’)
196 4440 262 4488 Nacb
281 4441 361 4487 multis
379 4441 411 4487 ist
430 4443 524 4500 putatam
543 4438 753 4496 drirchrestrtchea
771 4436 878 4483 worden.

158 4542 380 4601 fluttop.'r.1t¹.
755 4527 796 4589 lb
853 4530 864 4600 ᾗ
888 4593 896 4604 ,,
