2618 5108
181 862 230 938 te
411 861 457 935 Iu
479 861 684 936 Lutherum
709 857 817 932 Bulla
839 858 993 934 Leonis.

115 1033 117 1039 Ι
180 1054 258 1138 ipsi,
279 1057 332 1118 vei
350 1075 464 1118 eorum
486 1054 620 1138 quilibet
637 1053 699 1117 sub
730 1035 886 1118 similibus
906 1055 1051 1117 censrnis
1072 1064 1104 1116 et
1125 1051 1226 1132 poenis

181 1177 223 1221 eo
244 1156 316 1235 ipso
345 1156 565 1232 incurrendis,
600 1156 806 1231 Muttinem,
828 1173 1005 1237 omnesque
1026 1166 1061 1214 et
1081 1155 1226 1235 singuios

71 1284 74 1291 ·
182 1258 400 1340 supradictos,
440 1257 496 1341 qui
526 1260 635 1337 elapso
663 1256 821 1333 termino,
860 1253 1046 1335 hujusmodi
1072 1253 1227 1317 mundetis

149 4459 159 4489 b

181 1379 240 1422 seu
259 1360 387 1421 niunitis
415 1358 532 1422 nostris
560 1379 626 1420 non
645 1360 825 1440 paruerint,
856 1357 890 1418 in
921 1376 1037 1419 eorum
1070 1353 1224 1432 ecelesiis,

180 1460 349 1524 dominicis
378 1472 410 1521 et
437 1459 504 1523 eliis
529 1457 654 1520 festivis
683 1457 815 1535 diebus,
848 1459 924 1521 dum
943 1457 1023 1521 inibi
1042 1455 1146 1537 ruejor·
1165 1476 1226 1538 po·

180 1562 247 1644 puli
266 1561 434 1625 multitudo
455 1560 496 1622 ud
513 1559 620 1623 divina
645 1561 850 1636 convenerit,
875 1560 1053 1625 declaratos
1062 1558 1226 1624 hereticos

180 1675 215 1725 et
233 1662 459 1725 condemnatos
478 1646 604 1744 publice
625 1663 797 1738 nuncient,
817 1661 999 1744 faciuntque
1015 1675 1049 1726 et
1061 1664 1224 1738 mundent,

181 1765 222 1828 ub
239 1766 307 1828 eliis
322 1763 483 1839 nunciari,
503 1776 535 1824 et
554 1763 593 1824 ub
613 1762 761 1829 comibus
780 1762 896 1826 arctius
909 1764 1033 1828 evitari.
1074 1765 1226 1836 Necnon

182 1867 330 1929 omnibus
369 1864 654 1939 christifidelibus,
701 1876 737 1926 ut
766 1885 823 1927 eos
852 1867 974 1927 evitent
1009 1865 1080 1948 peri
1111 1864 1224 1942 modo,

179 1969 242 2031 sub
268 1968 422 2050 predictis
448 1970 591 2031 censuris
622 1986 656 2029 et
687 1967 799 2048 poenis.
847 1968 890 2030 Et
907 1979 1080 2048 praesentes
1106 1965 1223 2042 literis,

182 2072 234 2132 vel
253 2090 362 2152 esrum
383 2078 627 2148 transsumptum
647 2069 709 2131 sub
728 2066 833 2131 forme
852 2067 935 2130 inire
954 2068 1070 2150 scripte
1087 2067 1218 2146 fuctum,

181 2170 215 2234 iu
235 2192 349 2234 eocuru
365 2170 528 2242 ecclesiis,
549 2169 767 2243 monasteriis,
796 2155 963 2244 domibus,
996 2169 1222 2245 conventibus,

181 2272 302 2334 statiis
323 2272 418 2346 iocis,
447 2271 528 2349 legi,
561 2270 737 2350 publicari,
764 2280 860 2352 etque
888 2269 972 2351 effigi
991 2269 1118 2332 sacient.
1152 2273 1225 2333 Ex-

179 2370 489 2449 communicamus)
517 2392 650 2456 quoqne
680 2383 713 2432 et
733 2368 1026 2434 anathematisamus
1046 2389 1158 2434 ornnes
1186 2382 1222 2433 et

181 2476 329 2556 singulos
348 2473 573 2558 cujuscunque
592 2485 716 2546 status,
747 2472 886 2554 gradus,
907 2469 1119 2546 conditionis,
1138 2491 1222 2551 prrs-

181 2573 375 2652 eminentise,
403 2575 565 2655 dignitatis
586 2587 640 2637 sut
659 2571 857 2636 excellentie
876 2570 1014 2648 fuerint,
1044 2570 1120 2656 qui,
1150 2591 1220 2652 quo

180 2675 285 2740 minus
306 2688 477 2760 praesentes
496 2678 610 2752 literss,
643 2677 696 2737 vel
717 2694 826 2736 eurum
847 2683 1073 2755 transsumpta,
1100 2671 1216 2753 copies,

111 2824 114 2840 ,
181 2798 241 2842 seu
261 2779 454 2861 exemplaris
473 2779 507 2842 in
526 2778 594 2842 suis
612 2781 705 2842 terris
732 2787 764 2836 et
782 2774 931 2838 dominiis
951 2777 1034 2858 legi,
1063 2775 1162 2858 effigi,
1184 2785 1220 2838 et

179 2880 337 2962 publicari
357 2881 495 2961 possint,
527 2881 683 2957 fecerint,
716 2878 768 2938 vei
789 2894 926 2958 quoquo
945 2877 1044 2938 inodo
1064 2896 1219 2956 procura·

180 2977 301 3048 verint,
335 2994 392 3053 per
419 2993 474 3049 se,
508 2976 560 3036 vel
589 2973 698 3049 elium,
733 2996 792 3039 seu
811 2978 909 3052 aiios,
941 2977 1069 3058 publice
1089 2977 1141 3039 vel
1160 2995 1218 3038 oo·

180 3077 281 3150 culte,
310 3075 433 3138 directe
458 3075 510 3136 vel
529 3073 699 3154 indirecte,
736 3077 830 3141 tacite
855 3079 913 3141 vei
937 3092 1100 3158 expresse.
1150 3077 1219 3139 Po·

180 3187 321 3251 strerno,
355 3174 433 3257 quis
457 3174 580 3238 diffieite
612 3175 719 3252 foret,
748 3192 919 3262 presentes
944 3181 1051 3243 literas
1082 3180 1122 3242 ed
1150 3177 1217 3240 sin-

180 3278 255 3360 guiu
287 3295 423 3359 queque
454 3276 525 3340 loce
561 3275 681 3340 deferri
697 3280 742 3357 b),
782 3283 814 3343 in
848 3281 966 3367 quibus
1003 3281 1217 3346 necessarium

215 3531 251 3610 a),
266 3530 403 3596 Tandem
424 3532 458 3586 ed
477 3531 614 3587 ultimum
637 3535 738 3590 evadit
754 3535 874 3590 leonine
899 3536 1014 3591 sorites.
1057 3534 1118 3590 Ubi
1138 3535 1216 3592 siin

250 3617 308 3671 isto
335 3614 522 3671 musicorum
548 3626 671 3674 tuorum
696 3621 822 3692 strepitu
849 3621 920 3676 licet
941 3621 1042 3676 audire
1063 3621 1116 3674 tibi
1135 3620 1215 3688 Lco,

250 3703 330 3755 scir-c
349 3702 461 3773 cupio,
490 3720 547 3773 que
568 3704 747 3760 confidentis
766 3707 828 3761 hoc
847 3709 935 3776 eges?
968 3708 1099 3768 Putasne
1117 3706 1146 3759 in
1165 3717 1215 3759 tua

250 3803 317 3841 osse
337 3794 503 3857 potestate,
524 3788 695 3844 interficere
714 3792 844 3859 enimes,
863 3808 929 3862 ques
946 3808 1008 3846 non
1028 3791 1214 3858 moriuntur,

251 3881 281 3927 et
297 3873 356 3926 rivi
375 3871 483 3938 ficere,
506 3889 571 3942 quse
591 3892 652 3930 non
676 3877 802 3932 vivunt?
830 3875 933 3947 Quare
954 3887 1053 3931 autern
1073 3876 1211 3932 mentiris

250 3957 364 4030 populo
393 3958 453 4012 Dei
475 3959 608 4013 credenti
637 3960 825 4017 mendaciis?
853 3964 900 4015 An
925 3963 1011 4017 nefus
1030 3969 1111 4017 essct
1133 3961 1210 4029 hoc,

249 4044 274 4096 si
293 4059 354 4095 non
374 4042 475 4095 sotum
496 4043 672 4122 sceleratam
692 4047 771 4100 hanc
790 4063 806 4100 e
828 4047 918 4101 nobis
938 4046 1071 4114 bullam,
1096 4055 1125 4100 ct
1144 4064 1211 4100 orn.
1240 4091 1244 4099 .

247 4144 302 4182 nes
325 4128 396 4183 huic
415 4128 527 4183 similes
546 4129 667 4186 sortiter
685 4148 880 4200 arceremus,
905 4133 958 4188 sed
980 4142 1010 4188 et
1027 4133 1110 4203 ipsos
1128 4130 1213 4185 occi.

248 4214 391 4268 derernus
413 4214 535 4294 publice
552 4214 703 4272 boiletum
724 4220 904 4287 caupones?

212 4321 242 4388 b)
260 4322 338 4377 Huic
351 4322 512 4377 difficultati
528 4325 741 4379 subvenientes
754 4327 854 4380 denuo
868 4328 1013 4381 edendern
1028 4325 1210 4381 curavimus.

247 4408 383 4463 Multum
402 4405 483 4461 enirn
501 4419 602 4464 nostre
624 4411 766 4476 interest,
790 4411 886 4464 telcm‘
902 4423 984 4465 tuam
1002 4419 1062 4467 tern
1081 4409 1212 4482 splendi.

248 4493 318 4548 dem
336 4493 454 4548 Bellum
474 4495 617 4551 letissime
638 4495 841 4551 circumferri.
