2618 5108
188 815 259 892 390
355 809 431 904 tur,
457 811 503 882 ab
529 809 668 880 Hutten
695 832 779 881 cum
803 806 958 882 Erasmo
985 809 1069 881 Rot.

153 1019 155 1022 ⁴
188 1002 281 1077 ades,
314 1001 370 1085 qui
405 1003 584 1066 necessario
614 1002 802 1084 interposito
830 1002 949 1066 auxilio
985 1002 1097 1083 erigas.
1128 999 1216 1060 'Pro

189 1103 356 1184 desperata
374 1103 549 1166 habebatur
567 1124 676 1179 causa,
706 1115 740 1165 tn
760 1102 907 1167 iuventus
928 1125 978 1179 es,
1001 1104 1056 1185 qui
1076 1099 1218 1163 redinte-

181 1189 274 1285 'gres
313 1205 427 1286 Neque
447 1202 576 1287 aliquod
601 1204 645 1266 ibi
665 1215 857 1266 momentum
883 1205 946 1267 suit
967 1206 1006 1266 ad
1026 1202 1218 1266 manendum

189 1305 223 1368 in
243 1305 306 1367 fido
328 1306 400 1378 tihi,
419 1326 508 1368 meus
528 1304 757 1368 sincerissimus
775 1305 808 1367 in
826 1317 857 1366 te
877 1327 984 1380 amor,
1004 1325 1072 1388 mea
1088 1302 1219 1383 cognita
1240 1314 1241 1317 ’

170 1427 272 1486 saepe
302 1404 359 1467 tibi
393 1416 424 1466 et
452 1418 617 1487 perspecta
650 1406 890 1481 benevolentia,
927 1427 1032 1469 meum
1067 1403 1219 1476 studium,

190 1528 280 1569 meus
309 1507 422 1581 ardor,
453 1528 523 1569 mea
548 1506 611 1569 lida
637 1518 669 1567 et
696 1507 788 1568 auxia
810 1508 929 1591 ubique
949 1508 987 1568 ad
1009 1518 1077 1567 tuas
1098 1506 1139 1567 de
1161 1503 1222 1565 ini·

191 1608 281 1672 micis
303 1607 517 1690 querimonias
543 1606 636 1668 animi
666 1611 850 1670 commotio.
899 1610 961 1671 Sed
993 1607 1068 1690 qmd
1098 1606 1139 1666 de
1171 1623 1222 1665 me

191 1730 254 1791 ego
275 1709 514 1769 commemoro?
532 1708 664 1791 Aliquid
683 1712 809 1771 taudem
830 1733 911 1773 curae
931 1710 990 1771 luit
1007 1754 1014 1783 ,
1033 1707 1121 1789 quod
1143 1727 1224 1788 quas

156 1821 297 1893 ·‚partes
319 1811 502 1885 desereres,
531 1809 605 1872 inde
636 1809 686 1891 jus
708 1822 738 1872 et
760 1834 899 1892 acquum,
932 1811 980 1871 fas
1000 1820 1031 1869 et
1053 1809 1139 1886 {rium
1160 1819 1224 1868 sta-

191 1921 279 1975 rent:
297 1910 336 1971 ad
355 1931 433 1992 quas
449 1911 681 1993 trarrslugeres,
703 1933 739 1972 ca
756 1912 897 1974 humarus
915 1921 1033 1971 tautum
1055 1909 1170 1989 opibus
1193 1918 1226 1969 et

172 2011 360 2093 .imp0tenti
380 2011 567 2074 fulcirentur
588 2012 777 2090 tyrannide?
799 2013 884 2092 Quid
904 2012 991 2072 abest
1007 2011 1121 2089 igitur,
1144 2008 1228 2088 quiin

187 2111 370 2194 Evangelio
399 2134 530 2195 quoque
551 2114 665 2175 bellum
687 2114 831 2175 irulicas'?
863 2115 965 2176 Siste
995 2112 1112 2191 cupide
1140 2111 1227 2171 illius

191 2213 336 2277 hostibus
355 2210 537 2291 adjunxisti.
575 2217 618 2276 At
637 2215 697 2276 suit
716 2227 855 2295 tenipus,
877 2237 947 2276 crim
965 2216 1004 2275 de
1027 2225 1056 2272 te
1074 2211 1227 2272 dicebaut

175 2313 354 2392 ¹homiues,
374 2313 475 2375 laetitia
495 2325 570 2374 tuuc
591 2315 780 2388 frementes,
797 2323 1066 2394 'communemque
1085 2313 1169 2372 inter
1192 2334 1229 2373 se

175 2413 296 2491 ⁴uicem
318 2414 528 2490 gratulantes:
561 2416 641 2489 „Hic
663 2420 789 2477 tarulom
817 2418 964 2480 iuventus
993 2428 1059 2488 ost,
1089 2415 1229 2492 diligens

192 2524 246 2587 „et
265 2512 437 2576 industrius
466 2515 506 2576 ad
533 2536 692 2580 sacrarum
719 2517 946 2593 scripturarum
974 2519 1233 2598 explanationem

174 2613 392 2695 ‚rroperarius
430 2615 491 2676 Hic
510 2615 604 2677 nohis
625 2619 759 2697 contigit
780 2641 863 2681 reme
882 2621 1003 2702 pietatis
1023 2628 1231 2691 restaurator,

194 2715 274 2800 ,qui
295 2727 440 2778 mutatam
462 2717 501 2779 ab
521 2738 554 2776 se
585 2717 650 2797 ipsa
673 2719 887 2785 Christianam
917 2720 1119 2798 religionem,
1153 2738 1235 2796 pro-

193 2820 323 2901 „fligata
343 2820 569 2900 superstitione
585 2822 800 2903 redintegret;
824 2823 882 2903 qui
898 2821 1123 2882 circumfusum
1143 2816 1232 2878 veri-

106 2910 107 2914 *
178 2921 274 2994 ,tati
311 2920 434 2982 sumum
471 2920 661 3000 discutiens,
700 2920 902 2986 manifestam
940 2945 1008 2984 eam
1036 2919 1167 2990 reddat,
1202 2929 1236 2980 et

176 3022 476 3104 ,cognoscibilem
498 3022 553 3103 qni
571 3023 792 3087 Romanorum
811 3023 1005 3087 Pontificum
1026 3019 1156 3082 simules
1179 3021 1238 3082 de·

179 3132 321 3201 „tegat,
348 3134 378 3183 et
400 3145 468 3205 quar
491 3135 611 3187 temero
632 3140 685 3190 ant
706 3121 890 3188 ambitionis
912 3151 947 3189 ac
968 3122 1102 3188 avaritiae
1123 3122 1234 3183 studio

182 3243 273 3301 ,per
292 3222 363 3282 illos
382 3235 496 3287 novata
514 3236 606 3301 sinat,
639 3231 678 3290 ad
699 3225 863 3304 antiquam
878 3230 1047 3292 ⁴rationem
1068 3234 1098 3284 et
1119 3221 1235 3303 germi-

181 3343 293 3396 .„uum
321 3333 433 3386 statum
456 3326 598 3389 reducat.
639 3333 748 3411 Atque
780 3322 830 3385 hic
857 3333 956 3394 undet
974 3325 1113 3411 tyrannis
1134 3325 1234 3383 recla-

153 3418 154 3422 ’
194 3444 318 3498 „mare,
340 3436 371 3484 et
391 3425 525 3490 vinctam
545 3425 584 3486 ab
601 3428 658 3494 illis
673 3422 887 3501 Christianam
909 3434 1085 3496 libertatem
1107 3426 1234 3487 solvere

195 3546 252 3601 ,ac
272 3526 441 3589 eruittere.“
488 3530 565 3611 ,Hoc
592 3531 654 3593 fuit
683 3532 821 3610 amplum
848 3532 917 3596 tibi.
958 3539 1035 3598 Haec
1057 3546 1132 3589 vera
1154 3525 1234 3585 laus·

173 3617 330 3707 'Haecad
361 3650 469 3692 omues
489 3629 633 3696 nationes
663 3636 811 3713 praciam
839 3632 936 3700 fama.
986 3641 1082 3702 Nunc
1102 3621 1234 3686 induisti

194 3749 317 3807 riorum
336 3730 397 3792 boc
416 3743 546 3812 repente
567 3730 751 3815 ingenium,
778 3742 809 3792 et
831 3743 983 3820 tanquam
1004 3738 1043 3800 ab
1065 3746 1180 3792 errore
1202 3733 1230 3781 le

194 3828 347 3909 recipias,
372 3831 413 3893 ita
433 3831 546 3894 relictis
567 3833 684 3910 siguis,
706 3837 831 3896 deserta
852 3840 1010 3915 statione,
1032 3826 1233 3918 pr0dii⁰q¹¹e

158 4008 162 4018 .
185 3930 342 4010 *praesidio
362 3931 395 3994 in
414 3931 537 3993 hostilia
557 3947 659 4010 castra
678 3936 861 4017 transfugis.
901 3942 967 4005 Ubi
987 3961 1061 4004 cum
1089 3924 1235 3990 fovenda

193 4030 299 4108 fraus,
328 4045 374 4112 ,et¹
393 4033 636 4096 communienda
667 4035 729 4098 siut
754 4041 895 4116 scelera,
928 4045 1008 4127 quid
1042 4026 1155 4097 atiud,
1191 4020 1240 4080 dle

186 4131 287 4215 ⁸mihi,
309 4157 402 4218 quam
423 4134 620 4217 impugnabis
642 4138 830 4202 veritatem?
862 4144 925 4207 'l'ui
946 4168 996 4207 me
1021 4138 1125 4219 igitur
1150 4122 1243 4182 mise·

148 4247 161 4252 “
194 4244 261 4311 ret,
292 4247 441 4320 tuamque
472 4257 512 4298 ex
541 4236 646 4296 auimo
679 4239 780 4301 vicem
801 4244 908 4305 doleo.
948 4248 1022 4307 Jam
1047 4231 1147 4295 enim
1171 4242 1247 4283 vere

193 4334 379 4403 miserabilis
401 4360 445 4400 es.
489 4338 613 4398 Verum
634 4338 661 4399 si
680 4362 730 4401 me
752 4344 859 4421 audis,
890 4348 1008 4425 perlem
1030 4335 1193 4398 lesere&
1225 4333 1257 4385 Εἴ

154 4514 156 4523 1
194 4440 244 4503 vel
271 4451 392 4505 tautum
412 4459 621 4523 progressus,
652 4445 877 4506 revertendum
899 4458 929 4507 te
957 4438 1072 4512 dabis,
1113 4444 1261 4495 memor
