2618 5108
844 44 850 61 Ι

280 280 323 293 Ἲς,.--
345 102 754 292 ..ψη-,σι
798 265 813 275 ⁹

385 785 589 862 Praedones
638 787 827 890 Dialogus.
1052 794 1125 881 169

492 979 748 1047 Francircus.

174 1079 220 1143 Aa
247 1101 376 1162 possem
402 1080 527 1146 nobiles
554 1086 725 1166 quosdam,
760 1097 792 1148 et
819 1084 908 1149 bono
934 1088 1009 1151 loco
1035 1097 1127 1151 natos

96 1180 223 1245 referre
245 1182 319 1258 tibi,
354 1184 410 1267 qui
431 1186 473 1247 ob
493 1193 594 1250 scelus
616 1208 739 1268 poenam
759 1187 944 1264 dederunt„
965 1208 1071 1272 neque
1091 1187 1128 1266 il-

93 1283 202 1345 lorum
223 1285 448 1367 cognationes,
478 1301 510 1350 et
529 1291 637 1365 amici,
668 1289 862 1372 iniquissime
890 1292 950 1352 hoc
977 1293 1128 1352 tulerunt.

96 1383 247 1446 Sciebant
285 1390 384 1464 enim,
417 1391 588 1468 meruisse,
621 1393 709 1476 quod
744 1402 904 1453 evenerat.
952 1392 1003 1454 Ob
1030 1391 1128 1474 idque

96 1485 193 1568 siqua
212 1509 248 1549 se
268 1489 370 1567 primo
389 1492 491 1553 statim
512 1493 684 1555 commotio
705 1494 855 1568 dederat,
877 1490 969 1554 facile
989 1503 1071 1573 post,
1092 1513 1129 1554 re

96 1607 276 1669 perpensa,
308 1591 503 1676 conquievit.
552 1595 662 1678 Atque
690 1594 734 1656 ita
753 1595 878 1657 tandem
898 1592 1059 1656 oblivione
1078 1613 1130 1655 res

94 1689 242 1752 damnata
261 1702 319 1755 cst.

499 1835 728 1902 Mercator.

174 1934 249 1996 Non
269 1945 317 1996 est
344 1957 494 2016 magnum
518 1962 597 2002 vero
620 1941 775 2017 dedecus,
802 1934 941 2001 inveniri
969 1935 1132 1999 hominem

91 2032 257 2112 nobilem,
279 2036 335 2119 qui
355 2037 557 2102 latrocinium
575 2041 714 2104 lecerit?

487 2183 741 2248 Franciscus.
1118 2252 1123 2267 ἰ

176 2277 222 2340 lta
241 2301 407 2361 magnum,
427 2292 462 2343 ut
482 2283 573 2364 primi
593 2308 672 2361 nos,
706 2284 763 2367 qui
782 2295 844 2346 tam
863 2280 1001 2364 suspecti
1022 2299 1132 2344 snmus

95 2378 175 2443 facti
194 2381 269 2456 tibi,
303 2382 473 2448 serendum
501 2408 568 2448 non
593 2399 751 2469 putemus.
796 2383 1027 2468 Persequimur
1048 2380 1134 2444 enim

100 2482 193 2559 odio,
217 2483 272 2565 qui
294 2485 354 2546 tale
374 2485 452 2568 quid
472 2488 713 2563 consciverunt,
733 2498 769 2550 ut
788 2508 883 2549 nemo
903 2487 981 2547 alins
994 2483 1132 2560 infenso,

64 2624 68 2629 -
99 2593 197 2667 atque
220 2583 333 2646 ordine
354 2606 557 2664 emovemus,
579 2602 610 2652 et
630 2591 808 2652 affinitatem
829 2587 936 2651 talium
953 2586 1106 2669 fugimus.

512 2746 730 2809 Mercator.

177 2840 306 2906 Utinam
326 2855 482 2926 perpetuo
503 2845 623 2909 laniatis
647 2849 727 2909 hoc!
758 2845 883 2909 Verum
913 2852 1004 2915 sunt,
1044 2839 1135 2924 quod
1156 2876 1158 2882 =

95 2942 165 3019 ais,
193 2943 361 3025 praedones
391 2946 466 3009 item
494 2946 577 3010 attii?-
593 2959 626 3009 et
652 2969 735 3031 quos
754 2967 863 3030 neque
892 2945 991 3028 pudet
1011 2941 1133 3023 flagitii,
1216 2960 1220 2964 ’

18 3112 23 3122 ‚
96 3063 208 3130 neque
227 3067 320 3127 poena
339 3048 495 3111 co'e‘rcet?

488 3189 744 3254 Franciscus.

185 3299 302 3355 Trium
331 3316 482 3376 qenerum
516 3302 599 3353 sunt.
668 3293 792 3372 Nempe
821 3287 873 3352 atii
900 3287 932 3351 in
966 3284 1135 3351 Germania

96 3391 267 3474 praedones
289 3413 416 3466 omnes,
438 3401 552 3470 praeter
574 3393 766 3454 latrunculos
787 3393 864 3463 hos,
896 3411 1035 3472 quorum
1054 3386 1135 3450 leci-

97 3513 169 3556 mus
190 3490 404 3567 mentionem,
426 3512 534 3576 neque
553 3504 697 3572 patenter
716 3495 859 3574 rapiunt,
887 3511 994 3573 neque
1013 3489 1134 3564 timide,

97 3594 156 3657 sed
176 3593 312 3677 quadam
338 3605 471 3656 utuntur
498 3593 544 3655 ibi
575 3593 700 3657 licentia
728 3595 941 3666 confidenter,
978 3589 1134 3672 quasique

98 3695 230 3772 deceat,
265 3696 345 3771 hoc,
380 3696 470 3780 quod
491 3696 630 3771 faciunt,
662 3694 739 3756 nihil
769 3705 937 3768 verentur,
974 3690 1134 3754 neminem

103 3808 223 3859 curant.
273 3797 378 3859 Etiam
407 3800 486 3860 male
514 3819 580 3860 non
617 3795 748 3858 audiunt
775 3795 817 3856 ob
836 3794 1050 3869 malefactum,
1079 3793 1136 3856 sed

98 3896 206 3961 honor
224 3909 273 3962 est
285 3899 492 3975 hominibus,
525 3910 557 3963 et
577 3898 701 3962 divitias
720 3897 854 3974 habent,
889 3896 1004 3980 quibus
1023 3895 1136 3976 volup-

99 4010 197 4065 tatem
216 3999 279 4065 sibi
297 4012 493 4083 comparant.

505 4143 733 4205 Mercator.

178 4245 268 4327 Ergo
298 4242 453 4328 flagitium
483 4265 550 4330 non
581 4256 649 4320 cst,
679 4261 787 4326 neque
825 4239 927 4301 scelus
950 4248 1014 4312 est,
1047 4234 1137 4318 quod

94 4346 240 4422 faciunt3
270 4368 342 4410 nam
375 4346 403 4411 si
423 4358 526 4422 esset,
560 4364 724 4430 nunquam
744 4354 823 4423 puto
846 4341 891 4404 sie
910 4337 1137 4404 assentirentur

96 4468 233 4524 omues,
252 4469 362 4532 neque
382 4446 440 4511 ista
460 4459 545 4512 esset
567 4449 667 4531 vulgo
687 4440 848 4526 patientia.
