2618 5108
172 823 245 907 244
342 825 384 899 In
408 824 562 900 Hieron.
588 762 812 902 Alcandrum
838 825 1036 901 [nrcetira.

170 1018 346 1087 inducere?
376 1018 445 1082 Sed.
460 1017 560 1087 ,fortis
581 1029 733 1100 tyrannus
754 1019 864 1083 odium
883 1042 950 1084 nen
970 1023 1077 1098 times,
1099 1041 1201 1104 quum

169 1121 331 1204 praesumis
359 1134 489 1185 metum.
534 1123 650 1205 Neque
669 1124 716 1185 tui
736 1124 1012 1186 conturbationem
1031 1122 1199 1204 prospieis,

169 1223 227 1307 qui
246 1235 281 1285 ut
300 1224 378 1285 elios
399 1223 625 1300 conturbares,
645 1225 707 1286 hue
725 1224 851 1286 venisti.
888 1227 932 1287 At
951 1246 1045 1300 vero,
1067 1225 1126 1285 nisi
1146 1245 1200 1286 me
1264 1234 1265 1238 ’

119 1398 124 1404 ,
167 1324 275 1390 'omnia
294 1326 422 1401 fallunt,
456 1325 579 1388 videbis
599 1325 711 1400 brevi,
741 1328 839 1388 mulla
869 1347 983 1406 praeter
1012 1325 1198 1404 opinionem

166 1445 278 1488 casura
298 1424 366 1488 tibi.
418 1426 471 1488 Sic
489 1446 586 1505 spero
605 1427 750 1488 l'uturum
775 1426 876 1501 enim,
909 1437 944 1487 ut
973 1427 1028 1509 qni
1047 1438 1088 1507 ,te
1109 1448 1196 1488 rrune

163 1538 313 1604 tuentur,
332 1527 447 1590 mitrati
467 1527 533 1603 isti,
555 1537 587 1589 et
605 1526 745 1608 galeriti,
768 1526 789 1588 ii
811 1538 845 1588 ut
864 1525 926 1589 sint
945 1527 1004 1588 tuti
1024 1529 1098 1608 ipsi,
1126 1549 1195 1589 om-

162 1627 252 1694 nium
272 1650 384 1709 opem,
407 1628 613 1712 omniumque
634 1629 764 1691 consilia
782 1628 968 1708 implorent,
990 1640 1084 1709 alque
1099 1628 1194 1689 inre·

160 1740 255 1805 cent,
275 1750 382 1811 neque
404 1728 447 1791 ita
467 1730 539 1791 sore
559 1730 718 1791 bonorum
739 1741 834 1808 atque
855 1730 1007 1789 malorum
1027 1729 1193 1792 immemo-

160 1850 229 1892 rem
243 1828 423 1906 Christum,
443 1839 479 1890 ut
497 1840 529 1889 te
544 1829 630 1892 omni
642 1830 843 1911 improbitate
860 1830 1005 1891 allectum
1019 1831 1189 1909 hominem,

159 1930 248 1995 omni
266 1930 423 1994 imbutum
442 1931 563 1994 scelere
587 1941 619 1992 et
638 1930 822 2010 sacrilegio,
843 1930 1031 2009 impunitum
1053 1934 1097 1992 ire
1116 1933 1190 1994 hine

156 2033 309 2115 patiatur,
341 2031 516 2115 presertim
545 2032 585 2094 ad
612 2034 767 2094 ultionem
794 2044 825 2093 et
846 2051 993 2113 poenam,
1025 2052 1097 2093 cum
1128 2055 1187 2097 nos

156 2137 241 2196 ultro
261 2154 433 2214 provoces.
472 2133 557 2196 Scias
580 2144 757 2206 tuentem,
788 2153 858 2193 esse
878 2132 910 2193 in
931 2132 1101 2194 Germania
1121 2134 1188 2195 ani·

155 2256 245 2308 mos,
266 2233 323 2316 qui
338 2255 423 2294 arma
442 2248 474 2296 et
493 2233 581 2296 viros
599 2256 666 2294 non
687 2233 821 2294 dubitas.
860 2230 1005 2315 Itemque
1025 2234 1123 2308 scias,
1144 2256 1189 2296 ex

155 2335 376 2418 thlitantoque
393 2334 513 2396 circum
529 2334 576 2396 tui
589 2333 677 2410 odio,
692 2354 889 2396 emersurum
902 2334 1071 2415 aliquando
1085 2357 1185 2397 unum

152 2434 306 2515 aliquem,
340 2434 396 2516 qni
416 2455 476 2516 pro
496 2435 650 2497 malitiosa
670 2434 727 2497 tibi
754 2435 786 2495 in
805 2436 867 2495 hoc
887 2433 1052 2514 imperium
1074 2456 1184 2515 opera,

151 2535 279 2618 diguam
299 2538 462 2615 persolvat
480 2537 671 2598 mercedem.
709 2536 759 2598 De
779 2556 829 2597 me
849 2546 955 2606 certe,
977 2545 1129 2616 quantum
1150 2536 1184 2598 in

149 2635 222 2718 ipso
242 2636 319 2712 erit,
352 2658 419 2700 nen
440 2637 553 2699 habeas
585 2640 745 2700 occultum
771 2638 915 2716 posthae,
952 2636 1010 2698 sed
1030 2635 1183 2700 indictum

147 2735 213 2820 jam
228 2748 260 2799 et
278 2738 515 2815 denuntiatum,
537 2759 663 2800 omnem
683 2739 842 2800 advertam
857 2736 1067 2817 diligentiam,
1089 2734 1181 2798 omne

148 2839 308 2903 adhibebo
328 2840 486 2915 studium,
521 2840 627 2901 omnia
657 2838 785 2901 tentabo
813 2837 1039 2918 conaborque,
1066 2848 1101 2898 ut
1122 2837 1186 2920 qni

146 2943 279 3016 lurore,
309 2941 460 3015 amentia,
493 2944 613 3002 scelere
643 2952 674 3003 et
693 2939 860 3022 iniquitate
883 2938 984 3015 gravis
1007 2937 1177 3013 accessisti,

148 3041 226 3103 vita⁴
246 3042 347 3103 inanis
372 3040 446 3105 hine
469 3041 623 3104 efferaris.
679 3042 795 3122 Neque
832 3038 916 3101 enim
945 3039 1179 3120 expectandum

145 3140 250 3203 arthuc
271 3141 327 3202 tibi
347 3153 410 3217 est,
438 3153 474 3204 nt
499 3142 587 3204 stilos
607 3143 776 3204 doctorum
804 3139 854 3202 hie
883 3142 1025 3203 virorum
1047 3140 1175 3215 sentias,

144 3241 203 3305 sed
215 3241 359 3304 futurum
375 3243 487 3317 crede,
508 3253 543 3303 ut
555 3243 686 3304 sortium
703 3241 813 3323 gladiis
826 3242 1024 3303 confodiare.
1045 3239 1175 3304 lnteriru

142 3341 248 3407 vicem
267 3340 402 3418 dolebo,
423 3342 579 3403 bonarum
596 3343 725 3416 artium,
748 3364 818 3424 quae
832 3343 865 3404 in
883 3354 999 3403 tantam
1014 3342 1173 3418 malitiam,

142 3455 208 3509 tam
232 3446 441 3526 depravatum
470 3440 633 3523 ingenium
653 3442 839 3516 inciderint,
872 3463 908 3502 ac
935 3442 1086 3504 invidebo
1113 3443 1172 3504 lin·

142 3567 278 3631 guarum
306 3545 452 3626 peritiam
470 3542 545 3618 tibi,
573 3562 680 3624 neque
705 3544 788 3604 aliud
808 3563 858 3603 me
879 3554 935 3605 tuo
955 3543 1084 3605 nomine
1103 3555 1170 3603 lor·

140 3645 251 3728 quebit
272 3657 304 3708 et
327 3645 457 3719 afficiet,
479 3663 574 3725 qnam
594 3664 680 3718 csse,
702 3643 791 3725 qnod
812 3643 956 3707 invidere
976 3644 1088 3727 aliquis
1108 3646 1167 3710 tibi

137 3743 250 3826 pessit.
