2618 5108
536 841 642 917 Bulla
683 843 877 944 Dialogus.¹

260 1136 359 1201 Bottis
378 1138 457 1215 viris
475 1149 511 1202 tu
529 1135 609 1201 dicis
619 1036 761 1200 giiii·
769 1135 949 1203 Lutherum
968 1156 1078 1201 censes
1091 1135 1107 1197 ¹?

586 1254 804 1317 Huttenus.

259 1354 420 1442 Equidem
437 1355 504 1418 sic?

635 1476 775 1539 Bulla
796 1534 800 1543 .

260 1572 446 1637 Periculose
466 1594 564 1638 erras.
601 1575 699 1657 Qtrod
718 1577 744 1639 si
765 1596 815 1638 me
832 1576 938 1648 audis,
960 1573 1043 1636 iilius
1063 1572 1210 1655 periculo

185 1672 288 1757 sapies
308 1695 410 1751 nunc,
430 1686 462 1736 et
482 1675 600 1769 aliena,
621 1678 724 1760 (quoti
744 1677 868 1752 dieunt)
888 1676 1005 1741 frueris
1028 1675 1159 1738 insania.

589 1793 809 1858 Huttenus.
896 1852 900 1864 ,

261 1892 321 1957 Dic
341 1914 418 1977 age,
439 1891 491 1956 dic
509 1878 624 1973 iuipia,
652 1915 762 1958 verum
780 1897 870 1979 loqui
889 1907 937 1958 est
956 1893 1104 1960 irtsania?

217 2077 219 2079 ,
630 2013 763 2074 Bulla.

239 2111 297 2176 ‚ln
328 2114 400 2176 loeo
431 2125 494 2190 est,
522 2116 651 2198 qrtando
673 2109 810 2192 injussus
838 2112 985 2196 loquitur
1002 2114 1090 2195 quis,
1124 2111 1210 2192 apud

154 2208 162 2223 ⁰
184 2233 241 2279 cos
262 2215 318 2298 qui
339 2212 454 2298 audire¹
471 2216 584 2303 poliat,
619 2216 708 2279 inre
729 2214 901 2291 invidiosa,
933 2224 969 2276 ut
988 2212 1040 2276 ilic
1058 2213 1113 2276 diu
1135 2210 1208 2294 jam.

183 2314 234 2379 De
253 2335 321 2398 quo
341 2308 484 2397 si‘sapis,
506 2315 634 2399 quiesce
655 2328 701 2378 tu.
762 2305 764 2309 ’

582 2450 803 2511 Huttenus.

257 2545 309 2609 De
330 2547 473 2609 Luthero
495 2547 661 2630 quiescere
679 2547 814 2612 forsitan
834 2545 974 2629 possim,
1004 2545 1046 2607 de
1065 2543 1210 2608 libertate

183 2646 268 2710 haud
298 2647 352 2710 ita.
404 2650 507 2727 Quam
534 2670 591 2713 cur
615 2671 691 2712 ausa
716 2672 751 2713 es
779 2649 898 2712 violare
918 2669 1012 2711 manu
1033 2644 1210 2729 sacrilega?

186 2745 255 2811 Cur
275 2771 351 2812 ausa
370 2749 431 2813 es?
463 2742 525 2830 jain
555 2751 619 2812 hsce
645 2751 717 2812 mihi
749 2748 962 2829 expostulatio
992 2758 1098 2810 tecum
1128 2759 1210 2812 esto.

184 2849 271 2932 Quid
290 2849 348 2913 tibi
367 2871 439 2914 cum
462 2850 606 2913 libertate
626 2851 822 2928 Germanias,
856 2861 892 2912 ut
918 2869 1027 2913 manus
1046 2847 1120 2912 huic
1139 2844 1211 2932 inji-

184 2949 273 3013 cias?
293 2949 380 3034 Quid
399 2951 552 3035 inquam?

209 3148 214 3156 θ
613 3069 757 3140 ,Bulla

193 3223 200 3233 .
224 3174 225 3178 ’
257 3164 332 3231 Hoc
350 3166 453 3245 enim,
473 3169 652 3252 quodcum
670 3192 731 3234 suo
751 3169 871 3252 cuique
890 3164 1060 3250 mancipio.

590 3288 622 3349 H
630 3309 652 3349 u
661 3299 770 3350 ttertu
781 3309 807 3348 s.

259 3382 362 3467 Igitur
390 3386 580 3470 mancipium
603 3399 651 3451 est
671 3389 817 3454 Libertas
848 3395 955 3448 nostra
975 3384 1097 3456 {mumi'
1138 3389 1209 3467 Est,

183 3485 344 3568 pessima?

628 3625 769 3689 Bulla.

142 3800 145 3821 ,Ι
259 3723 312 3786 Sic
330 3745 410 3789 vero
430 3725 588 3789 existimo.

584 3844 804 3908 Huttentrs.

255 3938 311 4006 Dii
330 3952 361 4004 te
382 3943 531 4025 perdant,
551 3964 682 4027 vesana,
701 3942 841 4007 vecors?

257 4133 310 4199 Dii
335 4146 367 4225 te
392 4137 568 4214 eradicent,
600 4064 752 4217 iiiiiiiiia,
783 4135 936 4210 fanatica,
973 4151 1085 4199 ausum
1113 4128 1209 4194 sacris

181 4234 273 4302 bullis
292 4237 497 4317 maledicere,
518 4241 608 4324 qu'o'd
627 4252 699 4305 ante
718 4245 834 4306 Nemo.

586 4344 803 4423 Huttenus.

255 4456 413 4539 Expecta!
434 4468 505 4531 Jam
523 4463 603 4526 male
629 4461 769 4525 tractabo
791 4457 895 4522 etiam.
