2618 5108
235 813 310 889 270
532 808 575 881 In
600 807 805 882 Concilium
828 811 974 884 ll'orm.

230 1021 358 1064 caluam
377 1014 450 1064 ante
470 1002 573 1077 detis,
607 1023 702 1085 qnam
723 1002 773 1063 alii
795 1015 946 1085 querarrt.
986 1003 1084 1065 Certe
1103 1001 1190 1063 enim
1210 1022 1267 1080 spe

232 1102 379 1164 lissiendae
396 1105 560 1184 potestatis
576 1117 687 1165 vestrm
708 1106 796 1167 multi
815 1118 953 1186 aguntur
970 1126 1070 1177 nunc,
1092 1104 1183 1164 multi
1199 1105 1232 1164 ul
1253 1139 1269 1154 ·

233 1224 316 1286 que,
338 1206 508 1285 pracsertim
529 1218 576 1266 tot
595 1206 696 1267 fortes
716 1206 795 1280 riri,
828 1228 893 1267 uon
913 1207 1018 1268 ferent
1043 1205 1215 1266 libidinose
1234 1219 1265 1266 et

232 1306 406 1366 crudeliter
424 1308 612 1386 imperantes
643 1329 713 1368 vos.
759 1309 832 1367 bon
852 1308 967 1368 [erent.
1006 1309 1048 1368 u
1068 1317 1172 1367 antem
1193 1328 1267 1386 per·

232 1404 400 1481 niucatis’)
419 1429 522 1480 nunc,
541 1407 614 1469 lore
634 1407 790 1488 predico,
812 1411 851 1468 ab
864 1408 959 1484 hujus
980 1421 1083 1469 motus
1104 1427 1267 1486 compres-

232 1505 342 1581 sione,
362 1508 439 1568 novi
460 1520 492 1570 et
511 1509 642 1570 acrioris
662 1515 762 1569 muto
785 1508 871 1569 initia
890 1508 992 1569 vobis.
1032 1508 1267 1569 bainariorum

233 1608 398 1671 bominum
418 1629 470 1670 res
488 1621 572 1670 tanta
592 1608 771 1671 aestimanda
790 1632 856 1670 non
876 1610 982 1682 renit;
1014 1608 1119 1670 sciatis
1151 1610 1267 1669 multos

233 1731 306 1776 ess!
329 1721 504 1786 lutherus,
527 1712 643 1771 multos
663 1710 776 1792 passim
798 1722 963 1773 Huttenos.
1002 1712 1043 1770 Et
1063 1709 1089 1770 si
1109 1710 1188 1792 qnid
1209 1730 1269 1771 no-

233 1815 283 1876 bis
303 1812 440 1884 accidat,
467 1832 509 1870 eo
528 1809 630 1890 majus
651 1812 795 1873 futrrrnm
813 1812 853 1869 sb
875 1811 942 1873 aliis
964 1812 1139 1891 periculum
1161 1811 1266 1886 robis,

233 1915 326 1998 qnod
348 1933 421 1974 cnm
441 1910 592 1972 libertatis
613 1911 829 1972 adsertoribus
848 1912 1037 1973 innocentiae
1065 1912 1211 1974 vindices
1231 1923 1263 1973 et

233 2014 359 2096 injurie
379 2016 501 2074 ultores
526 2010 682 2092 conjungi
701 2012 856 2074 videbitis.
905 2014 1011 2074 [itum
1033 2013 1176 2074 omnium
1195 2034 1267 2076 cer·

232 2117 389 2180 tissimum
410 2114 601 2195 proponite,
631 2134 698 2174 non
717 2113 886 2176 defuturos
906 2116 1084 2195 Evangelio
1110 2136 1190 2176 suos
1210 2116 1268 2177 de·

234 2218 401 2288 tensores,
420 2235 489 2276 non
506 2215 676 2276 defuturos
695 2213 829 2275 libertati
846 2214 999 2276 vindices.
1037 2214 1100 2275 [bi
1118 2214 1146 2275 si
1163 2227 1269 2277 astute

231 2317 326 2379 vobis
341 2318 423 2377 ratio
442 2325 508 2385 est,
528 2314 620 2374 etiam
637 2313 723 2375 forte
738 2336 802 2374 non
822 2316 924 2377 deerit
942 2316 1157 2377 necessarium
1171 2315 1269 2380 nobis

231 2416 410 2478 consilium.
432 2415 550 2475 lterum
565 2436 644 2475 vero
660 2416 870 2478 commonitos
881 2418 974 2490 volo,
996 2416 1071 2499 quia
1084 2439 1118 2477 se
1138 2416 1269 2480 nimiam

231 2517 412 2597 superfudit
430 2516 559 2576 fortuna
578 2536 681 2590 nunc,
703 2529 738 2576 ut
754 2539 861 2578 rerum
881 2517 1131 2578 vicissitudinem
1147 2519 1271 2597 cogiti-

231 2617 288 2692 tis‚
320 2628 352 2677 et
379 2615 604 2695 cupiditatibus
624 2616 792 2699 aliquando
818 2619 931 2680 vestris
951 2617 1079 2679 frenum
1101 2618 1270 2701 ingeratis-

232 2717 286 2785 Ad
307 2738 463 2779 summum
483 2715 682 2794 pervenistis.
720 2717 791 2779 Jam
810 2740 877 2779 non
892 2729 958 2793 est,
978 2720 1068 2802 qnod
1085 2720 1270 2781 incremen-

230 2836 297 2882 tmn
310 2818 496 2898 concipiatis
507 2816 611 2879 animo
631 2818 774 2879 ulterius.
794 2820 844 2881 De
855 2822 944 2900 lapsu
959 2822 1155 2900 posthac‚”)
1174 2821 1268 2899 cogi·

230 2923 362 2982 tandum
383 2933 442 2981 est.
490 2921 570 2979 liam
589 2918 651 2980 labi
681 2919 826 2997 proclive
846 2932 894 2982 est
916 2921 1084 2993 omnibus,
1122 2925 1156 2982 in
1177 2921 1269 2984 edito

230 3022 288 3107 qui
308 3021 501 3082 consistunt.
549 3020 710 3082 Introrsus
730 3020 847 3081 referte
874 3021 953 3083 istos
971 3021 1153 3084 ambitionis
1174 3024 1269 3100 lines,

209 3125 322 3186 'mam
348 3121 486 3182 avaritiae
505 3131 618 3181 metam
639 3121 755 3182 arctius
780 3121 1048 3196 circumscribile,
1079 3134 1111 3184 et
1131 3125 1268 3187 luxuri·

228 3226 360 3287 modurn
379 3220 501 3301 ponite.
531 3223 610 3281 Nam
630 3241 697 3302 quo
710 3242 745 3282 se
766 3223 891 3283 tandem
904 3222 953 3284 illa
973 3222 1120 3305 porriget
1138 3224 1268 3304 cupidi·

229 3336 277 3389 tts
304 3322 434 3384 cestra?
466 3324 569 3400 Quem
599 3323 815 3383 accumulandi
840 3325 970 3385 modum
988 3324 1157 3386 statuetis?
1191 3327 1268 3389 Nou

229 3423 401 3508 aliqnando
422 3443 481 3483 sos
503 3422 697 3500 respicietis,
718 3435 747 3484 et
764 3445 826 3483 non
843 3446 909 3506 quo
930 3425 1084 3499 tendatis,
1105 3425 1165 3486 sed
1178 3427 1268 3488 undo

231 3525 402 3600 ueneritis,
435 3522 699 3585 considerabitis?
729 3524 843 3584 Redite
872 3524 904 3585 in
923 3524 1016 3586 viam.
1056 3526 1201 3601 Redite,
1230 3539 1266 3592 et

228 3629 270 3691 ab
285 3651 303 3689 e
317 3648 417 3700 rore,
437 3626 567 3707 quando
583 3623 741 3705 integrum
758 3627 819 3684 boc
834 3636 895 3698 est,
912 3646 971 3687 vos
987 3626 1133 3706 recipite.
1176 3627 1269 3691 Sen-

228 3750 287 3809 per
307 3727 370 3788 luit
388 3727 500 3788 melius
528 3744 710 3798 recurrere,
737 3746 831 3806 quam
853 3725 1034 3804 periculose
1055 3749 1266 3807 procurrere.

229 3832 342 3889 Estote
372 3848 440 3886 non
471 3825 632 3886 bonorum
669 3825 792 3898 hostes,
834 3826 891 3887 sed
921 3829 1074 3889 malorum
1106 3827 1267 3894 vindices.

227 3928 310 3992 diis
327 3928 499 4007 prodeste,
531 3948 598 3987 non
628 3925 720 3986 robis
748 3926 974 4007 concupiscite.
1024 3929 1076 3990 Sic
1097 3928 1201 4011 agite,
1231 3946 1268 3994 ut

229 4028 416 4090 medicinam
436 4049 454 4086 a
473 4027 566 4087 vobis
585 4047 715 4107 sperare
735 4027 842 4101 liccat,
871 4049 935 4087 non
958 4029 1069 4090 timere
1090 4051 1268 4095 vcuenum.

228 4129 385 4208 lmperate
401 4127 629 4210 cupiditatibus
646 4129 772 4202 vestris,
790 4139 822 4187 et
837 4126 952 4190 rationi
969 4143 1095 4211 parete,
1115 4152 1154 4192 ac
1169 4131 1270 4198 istun

228 4276 456 4296 W

264 4364 296 4432 ¹⁵)
314 4371 380 4416 suu
401 4368 548 4427 pervincus
570 4369 615 4414 ist:
633 4371 761 4415 libertatis
781 4373 925 4416 adsertores
945 4371 1171 4428 darcbgestricbcu.

264 4457 314 4533 ”)
334 4466 465 4512 Posthac:
480 4465 539 4515 lm
