2618 5108
560 729 760 807 Insectiva
1102 738 1178 828 2613

144 921 278 996 mlum,
298 931 431 998 terram,
461 932 494 986 et
513 922 619 987 omnia
638 928 819 1006 transitura,
853 927 972 1000 Christi
989 927 1089 996 verba
1106 947 1175 995 nori
1219 922 1233 939 ⁸

145 1022 337 1085 transitura?
358 1025 474 1106 ltaque
503 1040 686 1106 oppugnate
706 1049 787 1106 nos,
818 1031 941 1113 quantis
967 1034 1094 1106 omnino
1114 1052 1175 1111 po-

144 1123 235 1185 testis
248 1122 385 1199 viribus,
406 1145 570 1207 nunquam
582 1135 684 1189 tamen
699 1130 933 1212 expugnabilis.
971 1130 1174 1193 Fundamen-

143 1236 211 1289 tum
232 1227 383 1289 babemus
405 1224 582 1302 Christum,
603 1244 698 1310 atque
713 1230 809 1311 igitur
830 1232 926 1294 ruinae
947 1251 1078 1303 scauros
1096 1252 1174 1294 con·

144 1329 274 1390 stituros
306 1348 365 1388 nos
394 1327 592 1390 arbitramur.
650 1334 848 1414 Quamquam
877 1344 964 1395 recte
989 1353 1111 1394 summo
1141 1333 1173 1409 in
1216 1357 1221 1363 ·

146 1429 250 1508 pretio
277 1429 464 1491 haberemus
492 1450 570 1505 vos,
602 1431 627 1491 si
650 1431 730 1493 iuter
758 1454 817 1493 nos
844 1433 1047 1510 laboraretis,
1080 1451 1111 1496 et
1139 1435 1173 1497 in
1203 1486 1208 1495 .

144 1529 277 1593 domiuo
301 1530 392 1593 nobis
412 1532 597 1613 praeessetis.
648 1536 739 1594 itum
758 1533 913 1615 crapulari
934 1554 1010 1610 vos,
1040 1534 1173 1597 scortari

143 1642 178 1693 et
198 1654 255 1711 per
268 1632 378 1718 'omnia
401 1632 557 1712 ineptire,
590 1635 730 1715 graviter
749 1635 824 1697 nihil
843 1655 939 1717 agere
959 1638 1010 1696 vel
1033 1635 1174 1714 cogitare

141 1755 215 1797 cum
235 1734 416 1811 videamus,
437 1737 498 1797 hoc
515 1739 728 1814 permittemus
741 1735 852 1806 vobis,
873 1747 908 1797 ut
922 1736 1053 1812 deiide,
1076 1758 1171 1820 quam

139 1837 257 1898 nullam
276 1835 415 1911 habetis,
439 1849 470 1898 et
489 1837 660 1918 religione,
683 1859 777 1919 quam
796 1839 883 1898 nullo
904 1858 1004 1919 opere
1023 1839 1172 1921 agnosci·

141 1936 196 2011 tis,
218 1936 386 1998 indicetis?
407 1937 532 2018 Quibus
553 1937 679 1999 tandem
694 1936 857 2020 praestigiis
871 1936 912 2000 ita
926 1938 1053 2000 creditis
1074 1939 1170 2003 desti·

139 2038 189 2101 tui
209 2060 304 2121 posse
326 2060 402 2112 nos,
422 2049 542 2099 utnon
562 2037 732 2120 aliquando
753 2038 1002 2120 resipiscamus?
1021 2040 1171 2122 Praecipit

138 2149 284 2216 Paulus,
304 2150 335 2202 et
353 2161 411 2220 per
433 2137 593 2202 Christum
614 2139 805 2216 obtestatur,
826 2151 861 2203 ut
880 2161 940 2203 nos
956 2139 1169 2204 subducamus

138 2242 182 2305 ab
207 2241 310 2316 omni,
339 2240 395 2324 qui
426 2240 602 2302 inordinate
622 2260 655 2300 se
675 2239 775 2321 gerit,
808 2251 840 2304 et
871 2250 1073 2306 Timotheum
1101 2244 1172 2321 vult

140 2340 271 2424 sejungi
292 2342 330 2403 nb
350 2342 404 2417 iis,
425 2342 481 2424 qui
500 2352 653 2423 quaestum
667 2352 777 2419 putant
789 2363 859 2404 esse
873 2341 1031 2423 pietatem.
1071 2343 1170 2424 Quod

140 2463 213 2507 eum
233 2443 333 2506 oculis
355 2443 515 2520 objectum
536 2441 592 2516 sit,
616 2453 647 2503 et
660 2442 788 2504 auribus
810 2442 952 2520 insonet,
971 2455 1076 2507 tamen
1095 2466 1169 2524 spe·

136 2544 230 2610 randi
250 2548 344 2606 linem
364 2567 429 2605 non
449 2542 566 2619 facitis,
589 2542 622 2604 in
641 2542 825 2606 servitutem
845 2545 991 2625 delapsos
1010 2565 1071 2607 nos
1084 2545 1170 2610 haud

138 2667 281 2729 unquam
300 2665 519 2731 remorsurus,
553 2656 585 2706 et
605 2655 761 2724 perpetuo
793 2664 1015 2709 successurum
1037 2646 1169 2708 arbitra·

139 2747 234 2821 mini,
257 2758 291 2808 ut
310 2747 454 2826 precario
476 2745 568 2828 quasi
585 2747 644 2808 snb
663 2745 755 2807 vobis
775 2745 861 2808 victu
882 2767 1010 2828 agamus
1024 2745 1168 2809 homines

137 2859 283 2911 extreme
314 2849 494 2924 dementes,
525 2859 556 2910 et
592 2846 654 2926 jam
674 2848 781 2909 animis
812 2849 928 2928 pariter
955 2868 992 2908 ac
1021 2846 1168 2910 sensibus

136 2948 290 3016 destituti.
329 2949 415 3030 Quid
444 2949 528 3010 enim
556 2970 622 3011 non
648 2949 778 3024 videtis,
808 2946 933 3012 moveri
962 2951 1028 3012 hae
1055 2969 1167 3029 posse,

135 3051 257 3114 aulerci
278 3072 343 3111 non
365 3051 484 3129 posse?
512 3052 591 3112 Nam
609 3050 796 3111 concutietis
824 3049 974 3126 forsitan,
1004 3070 1170 3134 nunquam

135 3163 242 3216 tamen
261 3151 457 3214 convelletis.
496 3153 611 3214 Vestra
630 3163 735 3213 autem
754 3150 813 3215 ista
834 3151 904 3235 quis
924 3150 1075 3214 diuturna
1093 3151 1168 3215 lore

137 3255 263 3329 creilat,
300 3252 356 3336 qui
377 3253 507 3335 quidem
525 3252 660 3328 viderit,
692 3267 724 3315 et
754 3255 779 3316 si
797 3255 929 3333 speretis
950 3253 1072 3330 adhuc,
1104 3263 1168 3316 tam

136 3355 234 3422 anxie
254 3367 357 3417 tamen
377 3353 504 3417 interim
522 3365 664 3416 metuere
685 3354 770 3416 vos?
798 3356 905 3434 Quare
925 3354 1010 3415 hune
1028 3352 1164 3416 desinite

136 3456 352 3522 inanissimum
379 3456 548 3518 obvertere
574 3453 667 3517 nobis
686 3468 825 3531 metum,
857 3465 889 3516 et
908 3453 1047 3516 terrendi
1069 3453 1167 3516 linem

135 3558 240 3622 facite.
279 3558 401 3620 Scimus
420 3558 566 3641 aquibus
589 3556 746 3618 abstinere
767 3554 833 3617 vim
846 3564 1003 3635 oporteat,
1026 3574 1168 3635 quorum

136 3659 344 3724 veneratione
364 3659 466 3723 teneri
491 3670 524 3721 et
542 3655 736 3739 majestatem
755 3655 862 3719 vereri
880 3653 1061 3719 conveniat.
1101 3654 1168 3717 Ne·
1208 3647 1217 3661 ⁸

138 3782 202 3846 que
222 3760 424 3844 ignoramus,
454 3759 532 3844 quid
560 3759 713 3822 debeatur
742 3758 827 3821 veris
846 3757 909 3820 Dei
928 3754 1165 3829 Sacerdotibus,

136 3872 171 3927 et
189 3883 284 3946 quam
302 3885 367 3924 non
385 3862 501 3925 sithoc
523 3863 666 3943 polluere
684 3858 887 3942 religionem,
909 3868 962 3920 aut
982 3877 1071 3919 sacra
1090 3877 1167 3938 pro·
1251 3900 1256 3910 .

133 3966 261 4040 tanate,
281 3963 423 4026 homines
442 3961 531 4025 nihili
550 3973 582 4026 et
601 3982 666 4023 non
682 3960 807 4023 virtutis
826 3968 946 4021 tantum
961 3957 1088 4033 inanes,
1109 3955 1167 4020 sed

135 4085 197 4149 per
217 4063 361 4129 fraudem
383 4065 478 4127 etiam
508 4075 540 4126 et
566 4063 728 4140 dedecus,
765 4059 1008 4123 sacratissimum
1036 4080 1167 4135 nomen,

135 4165 279 4252 pessimis
299 4166 440 4230 moribus
460 4167 693 4249 praetendentes
707 4164 757 4240 ⁴³),
782 4160 822 4223 ab
842 4161 976 4226 ecclesia
994 4160 1057 4224 Dei
1077 4159 1110 4221 vi
1129 4179 1167 4222 ae

136 4325 365 4342 m

172 4393 204 4464 ')
224 4405 433 4451 Praetaadeates:
453 4403 605 4461 obterentem
