2618 5108
152 892 154 896 -
199 837 269 912 tat
528 839 698 918 Monitor
738 839 889 942 primus.

604 1036 798 1103 Monitor.

268 1133 344 1196 Non
375 1153 505 1216 sequor.
542 1135 622 1198 Nam
648 1147 680 1198 et
707 1138 764 1199 alia
793 1138 861 1213 via,
893 1159 964 1222 quaa
990 1133 1219 1218 compendiosa

191 1231 291 1315 magis
311 1246 375 1308 est,
408 1248 525 1320 etqua
550 1237 735 1299 sanctissimi
761 1239 949 1314 Pontifices,
984 1260 1020 1299 ac
1048 1257 1220 1318 permagna

192 1333 280 1397 orbis
302 1333 473 1399 Christiani
498 1359 569 1420 pars
602 1338 840 1419 ingrediuntur,
867 1342 907 1402 ad
936 1342 1068 1403 eandem
1087 1341 1220 1401 salutem

191 1435 360 1515 pervenire
380 1437 464 1500 licet.
520 1441 604 1502 Tum
623 1440 650 1503 si
669 1440 909 1522 periclitandum
928 1453 992 1516 ert,
1024 1462 1097 1504 cum
1115 1438 1220 1503 multis

194 1533 312 1614 jacitur
330 1536 448 1600 rectius
469 1539 550 1616 alea,
573 1562 665 1624 quam
685 1564 757 1607 cunr
776 1565 842 1606 uno
863 1555 894 1606 et
912 1545 1023 1606 altero.

596 1682 811 1747 Lutherus.

267 1778 357 1842 Nolis
378 1778 471 1842 etiam
491 1802 564 1844 cum
581 1783 684 1844 multis
704 1786 819 1863 perire.
857 1785 927 1849 Jam
947 1787 1009 1847 hoo
1024 1783 1108 1847 enim
1121 1782 1219 1848 video

193 1877 300 1941 lacere
321 1891 370 1956 te,
390 1890 426 1943 ut
445 1883 479 1943 in
491 1883 658 1947 discrimen
677 1889 761 1948 ultro
781 1897 812 1948 te
834 1887 959 1949 offeras.
999 1886 1096 1964 Quod
1109 1885 1220 1946 desine

191 1982 337 2054 tandem,
359 1993 391 2043 et
409 1983 484 2046 mihi
505 1986 650 2064 permitte
672 1988 788 2050 hortari
808 1997 855 2062 te,
883 1999 980 2069 atque
1000 1985 1093 2047 etiam
1114 2005 1218 2061 orare,

191 2093 224 2142 et
245 2103 303 2163 per
319 2080 439 2146 Christi
459 2086 581 2149 viscera
600 2088 765 2162 obtestari,
785 2111 825 2151 ue
847 2099 878 2148 te
899 2087 1121 2148 invertendum
1141 2108 1220 2166 prae-

190 2178 277 2247 beas.
328 2185 398 2248 Jam
429 2207 635 2268 permagnum
664 2188 727 2250 leci
754 2211 827 2251 meo
848 2188 920 2251 alibi
936 2187 1047 2250 labore
1067 2185 1220 2263 fructum,

189 2285 258 2348 sine
278 2270 351 2349 curii
370 2297 418 2350 tot
436 2287 571 2351 millibus
591 2301 677 2352 tuam
691 2309 822 2374 quoque
834 2289 1000 2351 animulam
1013 2287 1148 2351 elucrari
1156 2306 1220 2350 me.

604 2416 644 2478 M
651 2437 672 2478 o
679 2414 739 2477 nit
749 2435 769 2477 ο
778 2437 804 2476 r.

264 2510 340 2573 Non
359 2522 470 2591 potes;
490 2511 553 2592 jam
572 2515 648 2578 alius
669 2515 761 2578 habet
784 2514 885 2591 enim,
904 2525 1067 2600 tenetque.

587 2639 811 2704 Lutherus.

266 2738 346 2821 Quis
365 2738 483 2803 habat?

606 2864 804 2930 Monitor.

266 2964 378 3028 Romae
397 2974 467 3041 est,
486 2964 533 3029 ibi
550 2977 688 3032 tenetur.

263 3191 412 3256 Nobilem
432 3093 778 3278 possessioirhiiihrerdd
786 3116 922 3278 iiidigno
936 3187 1113 3276 deposuisti
1133 3190 1221 3253 loco.

188 3289 359 3357 Perderur.
425 3326 428 3332 ·

602 3423 800 3485 Monitor.

247 3520 308 3585 'At
327 3521 395 3606 ipse
414 3521 525 3585 melius
546 3542 653 3604 spero.

597 3646 812 3710 Luthcrus.

266 3748 315 3809 Do
336 3768 393 3827 spe
413 3768 480 3808 non
500 3747 713 3828 reprohendo.
759 3745 825 3809 Sed
844 3757 886 3811 nt.
898 3745 961 3806 cito
984 3740 1075 3825 quod
1099 3760 1221 3822 speras,

189 3846 394 3931 adsequaris,
424 3859 534 3928 repete
561 3847 600 3909 ab
627 3847 708 3910 urbe
728 3846 925 3926 depositum!
959 3845 1033 3905 Non
1051 3851 1155 3903 tutum
1175 3851 1224 3901 est

188 3949 296 4012 animis
327 3949 449 4011 versari
457 4000 465 4011 .,
480 3949 602 4011 Romo.
654 3949 728 4011 Hoc
752 3949 829 4010 illud
855 3958 903 4010 ert
925 3943 1105 4008 barathrum
1126 3941 1222 4015 enim,

188 4050 278 4133 quod
304 4071 376 4112 cum
399 4071 525 4130 semper
545 4060 658 4125 voret,
690 4070 816 4133 semper
836 4061 940 4111 tamen
969 4046 1088 4119 esurit,
1114 4064 1222 4126 neque

186 4171 328 4235 unquam
348 4163 518 4215 saturatur.
556 4151 632 4212 llaec
653 4150 704 4214 illa
729 4163 777 4213 est
803 4170 940 4228 vorago,
972 4146 1023 4210 illa
1043 4144 1221 4224 charybdis,
1260 4202 1273 4241 ἱ

188 4274 259 4337 qua
280 4253 446 4328 absorbet,
467 4272 528 4315 nec
545 4252 699 4326 revomit3
720 4262 817 4336 atque
842 4250 887 4313 ibi
906 4248 1022 4312 misere
1039 4244 1228 4308 irretiantur

188 4353 313 4429 animm,
331 4365 362 4416 et
374 4354 585 4437 illaqueantur
596 4364 718 4416 osterna
732 4351 921 4437 perditionis
934 4349 1081 4414 nexibus.
1108 4345 1223 4409 Redde

189 4453 318 4520 Christo
339 4454 492 4534 animam,
513 4454 614 4520 redde
634 4456 750 4520 amico!
