2618 5108
124 55 598 252 «Νὴ-φ..
640 232 660 243 ο
820 233 851 243 ‹-

352 720 528 794 adversua
552 719 791 818 adsperginea
814 719 976 794 Hutteni.
1093 723 1165 799 423

151 923 255 977 tamm
272 911 314 973 illi
333 909 448 973 frontis
466 920 524 973 est.
571 909 657 991 Quid
676 911 759 975 enim
779 913 863 975 aliud
882 913 1004 993 possit?
1026 916 1163 979 Tametsi

150 1015 236 1074 solus
262 1032 323 1092 ego
350 1009 394 1073 illi
419 1005 540 1072 rumori
559 1028 719 1091 nunquam
738 1013 875 1089 credidi,
902 1014 991 1096 quod
1010 1017 1069 1077 tale
1087 1014 1164 1079 nibil

139 1111 341 1175 ‚scriberetur
367 1131 386 1171 e
408 1109 590 1184 Brabautia,
617 1110 710 1173 etiam
735 1111 761 1174 si
782 1133 847 1175 non
867 1113 1065 1196 ignorabam,
1086 1114 1166 1198 quit

147 1215 199 1276 ille
220 1214 328 1286 vellet,
358 1211 386 1274 si
404 1210 560 1284 licuisset,
590 1209 744 1293 quiequid
771 1213 908 1277 volebat.
946 1216 1095 1279 Annectit
1112 1217 1164 1280 hic

149 1317 307 1376 Huttenns
337 1323 477 1376 veterem
506 1311 657 1386 fabulam,
690 1313 778 1394 qnod
807 1325 878 1376 ante
913 1338 1012 1379 enrros
1043 1328 1165 1398 septem

149 1417 354 1499 Hochstr'atus
382 1413 513 1476 minatus
535 1411 590 1486 sit,
615 1413 892 1494 se‘aggressurum
911 1437 982 1491 me,
1008 1416 1036 1480 si
1054 1419 1165 1481 corile-

148 1514 240 1577 cisset
274 1513 481 1594 Capnionem.
529 1514 596 1575 Nec
629 1512 713 1574 aliud
746 1512 777 1575 in
806 1536 894 1577 mora
921 1516 1037 1594 luisse,
1070 1541 1165 1602 quam

146 1616 317 1676 amicorum
330 1614 362 1676 iu
377 1614 497 1677 tuendo
511 1610 676 1690 Capnione
691 1611 886 1679 industriam.
923 1616 967 1679 Ut
978 1619 1039 1681 hoc
1052 1641 1166 1686 verum

147 1717 202 1790 sit,
236 1716 314 1798 quid
344 1716 385 1777 ad
414 1734 539 1775 causam
557 1713 764 1793 praesentem?
794 1716 846 1779 Au
875 1717 950 1780 mihi
970 1721 1162 1799 persuadere

145 1818 212 1877 vult
232 1818 409 1888 Huttenus,
432 1814 521 1897 quod
539 1811 614 1875 milri
632 1815 710 1874 male
731 1815 883 1891 voluerit,-
904 1839 940 1878 ac
961 1819 1034 1880 velit
1054 1821 1165 1884 Hocb·

145 1916 284 1977 stratus'?
312 1916 365 1979 Ad
392 1914 424 1976 id
443 1935 521 1976 vero
543 1935 623 1992 opus
642 1911 739 1975 fuerit
757 1916 853 1997 longa
871 1917 991 1999 diuque
1012 1920 1160 1983 meditata

147 2016 300 2078 oratione.
338 2018 391 2079 An
410 2015 580 2086 contendit,
601 2034 762 2077 rumorem
781 2036 883 2097 nuper
901 2040 1043 2097 sparsum
1062 2019 1162 2082 luisse

137 2115 278 2177 uerum?
297 2115 340 2177 At
352 2134 403 2176 res
413 2114 517 2189 docet,
536 2114 635 2177 luisse
655 2116 865 2178 vanissimum.
904 2117 967 2178 Sed
980 2118 1161 2181 increscunt

145 2216 235 2278 undu
256 2214 431 2277 eriminum.
469 2215 618 2295 Epistolis
639 2215 847 2278 obscurorum
867 2215 1010 2278 virorum
1026 2217 1162 2296 primuni

144 2316 302 2397 applausi,
323 2334 415 2389 mox,
436 2325 523 2376 metu
542 2312 688 2390 territus,
708 2314 870 2395 epistolam
891 2317 1160 2396 Coloniammisi,

136 2437 207 2498 qua
237 2414 460 2496 significabam,
480 2413 555 2477 mihi
574 2414 740 2494 displicere
768 2418 843 2478 tales
870 2417 1004 2481 libellos.
1040 2419 1161 2500 Accipe

143 2537 228 2578 nuuc
247 2537 331 2590 rem,
351 2515 468 2594 optime
487 2516 602 2590 lector,
633 2525 664 2575 et
682 2513 821 2597 intellige
839 2518 1046 2580 Huttenicum
1064 2519 1161 2583 artili-

142 2617 235 2679 cium.
281 2619 397 2678 Nactus
427 2635 513 2678 eram
540 2634 634 2676 unam
654 2613 817 2695 epistolam
847 2636 941 2679 manu
970 2617 1161 2697 descriptam

142 2718 183 2779 de
218 2715 367 2777 convivio
395 2715 636 2797 magistrorum,
675 2735 745 2795 quae
778 2714 854 2778 nihil
888 2715 1017 2778 baberm
1046 2728 1160 2799 prester

141 2816 308 2878 innoxium
341 2816 463 2896 jocum,
510 2826 541 2878 et
577 2813 740 2877 serebatur
770 2814 914 2877 Hutteni.
977 2816 1054 2877 Hae
1083 2816 1160 2881 mibi

141 2916 282 2979 maximae
300 2914 453 2994 voluptati
471 2914 547 2990 luit,
580 2935 616 2975 ac
641 2914 734 2977 toties
759 2913 842 2977 inter
861 2914 978 2977 amicos
1000 2918 1079 2979 lecta
1097 2927 1158 2995 est,

139 3027 177 3078 ut
195 3016 425 3094 propemodum
449 3016 581 3077 haereret
605 3013 774 3077 memoria.
820 3015 972 3077 Basileam
996 3036 1157 3095 reversus,

142 3138 214 3178 eum
234 3115 309 3176 mihi
328 3115 460 3196 perisset
477 3114 647 3196 scriptum,
677 3134 720 3176 ex
746 3114 897 3178 memoria
921 3113 1037 3179 dictavi
1055 3119 1157 3181 Beato

141 3216 314 3287 Rhenano,
353 3214 493 3278 scribens
536 3216 661 3279 interim
688 3216 794 3278 amicis
821 3215 971 3290 Hutteui,
1002 3227 1039 3279 ut
1081 3217 1157 3287 mibi

142 3336 210 3378 eam
229 3312 403 3388 mitterent,
423 3314 685 3396 quemadmodum
700 3328 767 3379 erat
782 3316 907 3397 scripta.
945 3316 1018 3378 Hoc
1034 3315 1157 3391 italen-

139 3426 206 3477 turn
236 3436 306 3478 esse
337 3414 475 3496 ingenue
500 3413 613 3477 lateor.
651 3415 716 3479 Sed
734 3416 812 3501 quid
831 3415 883 3479 bie
900 3428 947 3480 est
968 3416 1107 3498 pcccati,
1127 3415 1156 3483 si

139 3518 310 3581 delectatus
336 3537 406 3578 sum
431 3515 583 3596 epistola,
610 3536 681 3598 quse
699 3515 910 3580 testivitatem·
929 3517 1062 3579 habebat
1079 3537 1155 3581 enm

137 3618 250 3679 nullius
271 3616 397 3680 infamia
413 3614 636 3698 conjunctam?
651 3616 822 3699 Aliquanto
841 3626 912 3696 post
930 3616 1049 3698 prodiit
1068 3616 1157 3685 tibat-

136 3719 186 3779 lus
198 3738 346 3793 excusus,
366 3718 484 3781 babens
498 3717 676 3798 complures
690 3714 837 3797 epistolas
855 3715 1006 3795 famosas,
1035 3718 1156 3783 obseoe-

137 3839 192 3879 nus
222 3838 258 3878 ac
288 3818 469 3881 virulentas.
524 3817 708 3900 Legebatur
739 3815 860 3879 libellus
892 3816 985 3879 nobis
1020 3838 1154 3901 quoqne

136 3916 329 3991 ridentibus,
360 3918 418 3979 sed
448 3928 552 3979 tamen
587 3917 740 3999 frequens
768 3916 967 3981 eruditorum
994 3918 1152 3997 sodalitas,

138 4039 207 4099 quae
227 4027 303 4079 tum.
322 4016 504 4079 versabatur
522 4016 556 4079 in
575 4017 692 4080 aedibus
712 4026 877 4096 Frobem’r',
897 4019 1082 4093 testabitur,
1102 4041 1153 4085 me

136 4127 203 4179 tum
221 4116 373 4199 probasse
390 4115 590 4180 festivitatem
613 4116 648 4179 iu
672 4117 776 4180 multis
801 4118 962 4199 epistolis,
987 4121 1045 4183 scd
1064 4121 1151 4189 dam,-

137 4238 227 4281 aasse
246 4220 441 4299 exemplum,
473 4216 612 4283 vicissim
630 4218 755 4281 aliunde
781 4217 815 4281 in
840 4218 918 4282 alios
936 4238 1152 4281 recursurum.

136 4317 205 4381 Nec
225 4339 364 4400 unquam
382 4318 470 4383 aliter
488 4317 624 4403 probavi
641 4337 715 4384 eum
732 4317 884 4387 libabam·
905 4317 1152 4390 -Traduasbstttt
