2618 5108
893 195 894 204 t

182 296 188 310 l

194 550 197 557 ¹
334 554 339 562 ι

452 786 654 865 natones
698 786 884 889 Dialogus
1021 816 1023 820 ⁸
1099 792 1171 864 21⁹

160 974 420 1046 stunt'ttom
440 977 538 1042 etiem
566 977 601 1041 in
624 977 718 1043 terris
744 977 911 1042 nobiseum
940 975 1085 1044 Christos
1114 983 1174 1052 est,

158 1081 289 1163 uisque
306 1094 478 1162 perpetuo,
504 1077 661 1163 pollicitus
688 1078 764 1142 olim
784 1098 946 1163 nussqunns
965 1078 1039 1142 hino
1057 1076 1175 1139 disces-

160 1196 275 1243 mom
291 1178 352 1242 sei
1159 1198 1162 1203 ¹

559 1310 772 1395 Mejoator.

236 1409 382 1493 Memini.

556 1543 769 1607 Huttenus.

234 1643 395 1723 Quantum
412 1640 498 1705 obest
516 1639 632 1722 igitur,
653 1628 793 1705 ut'suam
811 1646 909 1706 sicem
928 1639 1097 1702 committat
1113 1636 1171 1711 alii,

145 1740 216 1829 ⁴qni
235 1743 303 1803 vult
330 1741 397 1822 ipse
417 1741 600 1807 sustinere?
630 1743 726 1823 Quod
755 1741 782 1804 si
801 1744 918 1807 iaceret
937 1743 1042 1812 etism,
1070 1748 1172 1797 tamen

156 1839 318 1927 peccatori
350 1839 469 1901 homini
497 1860 564 1901 non
581 1842 791 1921 permitteret,
825 1843 910 1925 qnod
935 1839 986 1901 isti
1004 1837 1064 1901 sibi
1083 1857 1171 1898 arro·

156 1950 251 2025 gont,
284 1951 319 2000 ut
349 1938 545 2017 dispensaret
569 1940 650 2014 lnec,
682 1941 799 2023 quippe
827 1939 882 2022 qui
910 1948 983 2019 post
1008 1936 1170 2015 repetitam

155 2036 303 2103 Caritatis
324 2026 557 2100 confessionem
584 2036 670 2100 illum
700 2040 823 2102 tandem
841 2039 1004 2101 Pastorem
1027 2029 1171 2095 instituit.

141 2137 333 2225 'Quomodo
352 2138 449 2220 igitur
469 2138 541 2212 fiet,
560 2152 596 2200 ut
615 2137 648 2198 in
668 2159 733 2219 quo
752 2140 840 2201 Deus
858 2136 926 2220 ipse
944 2136 1099 2198 delectum
1118 2131 1171 2192 hs·

153 2236 229 2305 buit
235 2250 246 2317 ᾗ
265 2238 328 2303 iton
344 2235 465 2302 homini
484 2239 578 2301 homo
599 2236 676 2300 citra
694 2236 846 2319 judicium
857 2258 915 2318 per
928 2254 1036 2300 manus
1049 2228 1171 2297 trstlsti

558 2369 777 2434 Mercator.
799 2328 814 2377 l

227 2469 301 2537 Jem
316 2470 455 2554 intelligo
475 2471 543 2534 ileri
561 2491 627 2535 non
646 2490 752 2552 posse.

559 2605 768 2666 Huttenus.

228 2698 406 2764 Etismhoe
423 2699 520 2783 igitur
538 2724 632 2783 posse
651 2721 750 2785 nega,
771 2700 856 2784 quod
868 2698 911 2761 illi
926 2699 978 2762 tint
993 2700 1053 2762 ‘sun
1071 2698 1169 2775 curin,

155 2816 224 2863 nen
247 2820 356 2863 errare
373 2801 575 2878 Pontificem,
604 2802 755 2886 quicquid
774 2800 883 2878 facist,
908 2799 1009 2874 diest,
1037 2808 1092 2861 sut
1108 2810 1171 2862 ste-

142 2912 240 2976 nt,
258 2920 333 2962 eum
350 2911 453 2962 tamen
472 2904 634 2965 mortalem
651 2923 719 2966 esse
739 2901 914 2976 hominem,
935 2900 992 2984 qui
1004 2908 1170 2976 cognatum

148 3018 297 3065 mm
317 3000 442 3077 habent,
476 3022 542 3063 non
560 3013 686 3084 negent.
735 3002 815 3064 iliud
835 3022 929 3074 vero,
958 3009 994 3062 ut
1019 2997 1169 3061 convenit

141 3096 273 3165 ‘nstris
301 3098 369 3174 tis,
401 3119 473 3163 cum
503 3103 747 3185 Apostolorum,
786 3120 924 3184 qnorum
955 3097 1070 3163 similes
1098 3117 1169 3167 etse

137 3198 292 3275 dehent,
311 3198 471 3276 instituto,
494 3202 582 3282 quod
595 3201 650 3284 qui
663 3223 721 3264 sna
734 3204 818 3264 ultro
833 3198 969 3262 debeant
978 3198 1169 3282 relinquere,

146 3298 185 3365 iti
203 3297 306 3362 eliens
323 3310 474 3381 oppetunt
495 3300 684 3365 avarissime.
719 3304 762 3363 Et
774 3300 829 3383 qui
849 3298 927 3382 jussi
939 3311 1026 3372 sunt,
1048 3299 1169 3361 mundo

147 3396 270 3463 bellum
288 3398 446 3474 indicere,
465 3411 496 3461 et
509 3411 693 3483 postergare
710 3420 834 3462 omnem
850 3398 952 3461 carnis
966 3402 1168 3479 voluptatem,

150 3496 204 3576 hi,
231 3508 268 3561 nt
284 3498 468 3580 longissime
497 3498 661 3562 aChristo
680 3499 756 3574 sint,
789 3499 823 3562 in
846 3500 1021 3563 carnalibus
1049 3497 1167 3563 deliciis

149 3599 387 3684 pertingentes,
412 3621 484 3663 eum
503 3601 622 3663 mundo
642 3610 752 3662 contra
775 3599 917 3680 spiritum
935 3598 1015 3661 bella
1034 3597 1169 3681 gentos?
1264 3664 1266 3668 ,

139 3700 258 3781 'Quum
276 3711 416 3764 sonetum
442 3699 616 3781 judicarem
641 3702 750 3779 igitur,
783 3699 927 3782 quisquis
947 3711 1030 3762 esset
1050 3698 1092 3775 is,
1113 3698 1170 3782 qui

151 3796 337 3865 destitutum
358 3817 484 3881 pastore
505 3799 619 3863 Christi
639 3801 739 3874 ovile,
763 3819 821 3880 per
840 3800 972 3865 caritatis
991 3801 1169 3883 suggestio·

147 3918 241 3975 m,
272 3901 423 3982 pascendi
454 3900 558 3963 studio
588 3900 761 3963 invaderet.
823 3900 902 3962 Nam
928 3900 1015 3965 illum
1044 3902 1169 3964 demum

148 3996 308 4065 lecturum
328 4022 504 4080 sperarem,
535 4000 625 4082 quod
642 3999 734 4081 jussit
752 3999 856 4063 bonus
875 3998 1005 4075 Pastor,
1025 4022 1061 4063 ut
1079 3999 1170 4063 mini·

147 4108 265 4165 smmi
295 4100 381 4173 eliis,
416 4118 447 4164 et
466 4112 502 4165 ut
519 4101 636 4164 Paulus
656 4104 712 4175 nit,
742 4119 808 4160 non
829 4120 991 4181 queens,
1024 4100 1081 4163 sed
1100 4122 1170 4184 qun

149 4197 288 4266 elinrm
305 4211 427 4277 essent,
456 4212 622 4284 quereret.
659 4201 703 4264 At
722 4198 774 4263 isti
793 4220 896 4275 nunc,
917 4222 983 4263 non
1001 4211 1037 4262 ut
1054 4200 1171 4263 labori·

145 4298 208 4365 bns
227 4313 261 4365 et
280 4300 396 4384 vigiliis
416 4304 580 4366 consulent
597 4301 681 4384 plebi
694 4300 896 4376 Christiane,
917 4313 948 4364 et
961 4301 1169 4382 praerogando

145 4398 268 4469 chisti
301 4401 379 4467 litlei
410 4423 539 4483 opernm
568 4392 667 4479 dent,
694 4400 868 4466 Pontifices
888 4401 984 4477 liunt,
1005 4401 1064 4475 sed
1082 4411 1118 4467 ιιι
1135 4401 1170 4463 in
