2618 5108
475 800 740 898 Expostulatio.
1049 786 1122 883 866

104 976 291 1055 indecorum
308 979 424 1074 magis,
443 1000 541 1077 teque
558 992 736 1076 indignius,
763 1014 857 1079 quam
874 995 943 1060 talis
962 994 996 1059 in
1014 997 1123 1062 noch-

102 1101 235 1156 strstum
262 1112 334 1154 cum
364 1093 426 1169 sis,
454 1114 491 1155 ao
510 1116 579 1158 esse
599 1105 631 1157 te
650 1094 767 1159 debere
794 1096 963 1179 intelligas,
996 1098 1122 1178 publice

102 1202 224 1267 nmen,
254 1202 289 1254 ut
306 1192 564 1275 frugi-aliquem,
595 1194 641 1256 sic
659 1206 841 1274 portentum
867 1197 944 1259 illud
964 1216 1123 1259 commen·

102 1294 196 1368 dare,
215 1293 314 1376 idque
328 1292 498 1355 amicorum
512 1315 582 1355 cum
595 1293 736 1356 invidia?
756 1295 984 1374 simulandum,
1004 1297 1121 1381 inquis,

104 1403 151 1454 est
170 1412 230 1473 pro
251 1403 406 1473 tempore.
442 1395 514 1476 Ego
542 1396 670 1476 quidem
698 1397 779 1457 baud
807 1409 904 1478 puto,
933 1419 1039 1482 neque
1067 1399 1123 1463 ulli

108 1491 304 1568 Christiano,
340 1514 446 1575 neque
483 1496 583 1556 multo
618 1496 716 1576 magis
755 1497 850 1558 docto
880 1509 912 1559 et
942 1500 1122 1583 Theologo.

108 1591 260 1655 Ethnicus
281 1614 412 1676 quoque
432 1594 567 1676 scriptor
586 1594 815 1658 simulationem
834 1597 867 1659 in
887 1598 1020 1661 amicitia
1038 1600 1124 1662 darn·

104 1704 173 1768 nat;
200 1694 280 1756 tollit
299 1696 400 1770 enim,
420 1694 539 1778 inquit,
559 1696 712 1776 judicium
733 1695 818 1771 veri,
840 1695 937 1779 idque
957 1700 1122 1763 adulterat.

105 1796 210 1857 Tanto
229 1795 331 1858 minus
353 1796 407 1878 qui
427 1807 500 1859 tuus
523 1808 570 1860 est
588 1808 702 1870 status,
730 1795 904 1860 simulando
924 1820 960 1859 ac
979 1799 1123 1863 dissimu-

102 1895 197 1958 lando
216 1897 398 1958 conversari
418 1897 596 1960 hominibus
622 1907 652 1957 tc
673 1898 775 1958 decet.
820 1900 888 1962 Nos
915 1901 1020 1962 omnia
1043 1901 1124 1965 dura

105 2006 138 2057 et
153 1997 286 2058 adversa
299 1996 405 2058 facere
421 2007 454 2056 et
471 1996 551 2076 pati,
572 2007 606 2057 ut
625 2007 746 2058 constet
764 1997 905 2075 libertas,
928 2021 986 2081 par
1005 2009 1067 2074 est3
1087 2009 1123 2062 tu

40 2091 44 2095 ’
101 2115 162 2158 neo
189 2095 245 2156 ubi
273 2096 431 2170 offendas,
464 2118 506 2157 ne
533 2095 713 2177 suspicione
742 2098 888 2181 quidem,
918 2110 955 2163 ut
984 2099 1123 2180 labores,

18 2246 26 2256 .
104 2195 332 2259 invidendum
355 2207 405 2258 est
426 2196 581 2258 omnibus.
633 2199 664 2259 Si
685 2198 818 2260 victoria
846 2210 1035 2283 sequeretur
1063 2201 1124 2263 bos

101 2308 253 2372 conatus,
287 2317 381 2357 nemo
408 2297 454 2358 uti
472 2298 591 2371 mallet;
626 2319 698 2360 cum
718 2300 796 2382 quid
813 2299 953 2362 imminet
979 2297 1122 2381 periculi,

98 2418 166 2460 non
184 2397 321 2471 vereris,
341 2397 433 2457 etiam
459 2397 715 2461 amicissimorum
733 2420 812 2460 cum
840 2399 1046 2462 insectatione
1066 2399 1123 2463 de·

99 2499 226 2559 clinare.
266 2500 365 2577 Quale
385 2507 453 2570 est,
474 2499 562 2580 quod
582 2500 759 2561 reverendo
780 2500 823 2560 illi
844 2500 923 2580 patri
940 2500 1076 2581 probare
1089 2509 1122 2562 te

100 2599 248 2673 studens,
287 2598 473 2659 iracundum
507 2597 539 2660 in
565 2599 765 2661 Lutheranos
800 2621 943 2680 pugnum
981 2600 1121 2682 stringis.

98 2698 211 2772 ,Sensi
230 2698 332 2772 illico,
354 2698 414 2772 ais,
438 2699 581 2759 technam
601 2699 833 2780 quorumdam,
855 2718 937 2781 quos
958 2719 1020 2777 ego
1041 2718 1118 2761 sano

75 2840 81 2849 ·
102 2799 253 2879 ,nescim
277 2818 342 2880 quo
361 2797 489 2859 nornine
506 2799 638 2860 debeam
651 2800 822 2878 appellare,
843 2800 985 2860 nonnulli
999 2799 1121 2860 Lutlre·

99 2920 220 2975 ,ranos
240 2909 371 2972 vocant,
391 2899 538 2962 videlicet
557 2901 617 2961 boc
637 2897 815 2980 agentium,
841 2908 876 2958 ut
896 2918 946 2959 me
959 2898 1120 2960 hominem

98 2999 298 3080 „simplicem
318 3009 349 3060 et
367 3000 549 3073 credulum,
579 3001 613 3061 in
632 2999 787 3062 Jacobum
807 2998 1028 3060 Hochstratum
1049 2997 1120 3061 irri-
1190 3058 1192 3062 ,

99 3111 246 3176 ,tarent,
277 3110 326 3174 et,
354 3119 374 3160 o
397 3099 541 3162 callidum
560 3100 740 3160 consilium!
769 3101 962 3162 exclamant
983 3133 1017 3145 -
1037 3100 1118 3177 lano,

99 3220 122 3262 o
140 3199 284 3261 callidum
303 3210 391 3261 tuum
411 3203 558 3262 Erasme!
584 3202 784 3277 figmentum,
816 3220 992 3282 parumque
1011 3199 1120 3262 candi·

97 3301 175 3364 dum
194 3312 227 3363 et
243 3301 372 3362 liberale
399 3300 432 3362 in
449 3300 496 3362 his
523 3299 694 3381 ingenium.
742 3297 812 3361 Nisi
832 3299 915 3379 apud
942 3299 1118 3362 Hollandos

97 3413 172 3464 tuos
192 3403 253 3462 hoc
277 3412 325 3463 est
351 3400 402 3462 isti
430 3398 549 3482 flagitio
580 3421 713 3475 nornen,
745 3409 778 3459 et
802 3399 860 3460 soli
883 3399 1052 3477 populares
1071 3395 1118 3459 tui

97 3501 301 3580 simplicitatis
322 3501 528 3581 appellatione
547 3500 691 3562 fraudem
710 3500 872 3561 denotant.
917 3500 984 3567 Nos
1003 3497 1117 3580 sparsi·

98 3625 170 3668 mus
198 3622 377 3677 rumorem,
408 3603 631 3662 Hochstratum
663 3599 760 3660 libros
790 3611 862 3662 tuos
896 3597 1117 3661 combussisse.

99 3707 179 3786 Quae
207 3703 333 3764 tandem
358 3703 551 3763 verecundia
581 3712 628 3762 est
658 3701 899 3781 'l'beologorum
925 3698 1115 3775 doctissime,

99 3804 251 3867 scientem
270 3813 316 3877 te,
337 3804 590 3883 prudentemque
609 3802 688 3862 falso
707 3800 809 3860 bonos
829 3799 916 3863 viros
937 3799 1116 3862 criminari?

96 3905 234 3985 Appello
261 3902 482 3965 conscientiam
515 3914 617 3977 tuam,
649 3899 716 3974 dic,
749 3900 826 3982 quid
853 3898 947 3976 hujus
966 3901 1062 3975 scias,
1083 3908 1117 3963 et

96 4015 293 4084 compertum
313 4003 437 4065 habeas.
476 4005 590 4065 Nonne
610 4004 670 4063 hoc
688 4012 806 4061 norunt
825 4021 948 4072 omnes,
976 4009 1008 4060 et
1027 4000 1115 4083 loqui

96 4107 229 4179 smlent,
257 4104 311 4164 illo
330 4114 472 4183 tempore
492 4103 567 4164 nibil
585 4101 812 4163 dissimulanter
830 4098 962 4178 publicis
981 4100 1019 4171 ¹in
1039 4121 1115 4163 eon·
1163 4086 1176 4104 ⁴

96 4206 175 4268 ciliis
195 4204 298 4286 egisse
324 4205 562 4277 Hocbstratum‚
594 4213 628 4263 ut
655 4220 714 4281 pro
734 4199 878 4262 haeretico
900 4199 1052 4280 arriperet
1069 4211 1112 4276 te,

96 4317 235 4388 tuosque
255 4304 351 4364 libros
381 4315 417 4364 ut
445 4304 619 4364 doctrinam
638 4301 810 4363 haereticam
837 4300 962 4380 publice
983 4320 1113 4362 concre-

95 4416 212 4482 naret,
244 4415 340 4488 atque
369 4403 400 4466 ei
428 4402 555 4466 conatui
581 4422 672 4464 unam
694 4401 727 4462 in
748 4421 835 4462 mora
854 4399 954 4463 luisse
974 4414 1124 4478 nostram
