2618 5108
155 801 228 877 602
406 796 487 872 otc
508 795 706 872 anselsii
727 766 935 896 Responsio
960 806 974 818 ‘

154 989 362 1077 nisusque
380 987 471 1054 diem
488 989 596 1057 induis
620 989 812 1072 inciempro
832 1001 995 1076 tempore,
1026 1003 1058 1055 et
1082 993 1177 1077 quod

152 1110 221 1154 non
240 1101 304 1155 tsm
324 1101 518 1156 Ver-summas
540 1091 648 1155 verius
667 1101 732 1169 est,
753 1112 848 1174 quiam
862 1103 899 1158 tu
911 1092 968 1155 tibi
980 1093 1013 1155 in
1027 1094 1176 1157 oratione

153 1212 188 1257 cs
203 1190 437 1256 dissimillimus.
474 1192 552 1254 Huc
565 1201 649 1268 sunt,
667 1210 738 1276 qum
756 1191 791 1254 in
805 1202 838 1257 te
852 1191 1057 1275 improbavit,
1075 1192 1176 1256 vitam

151 1313 233 1357 vero
266 1301 301 1354 et
324 1289 536 1356 eruditionem
563 1301 597 1354 et
621 1292 831 1375 eloqtrentiem
862 1313 1024 1375 nunquam
1053 1292 1177 1374 impro·
1205 1326 1209 1333 ·

150 1393 249 1458 bavit.
273 1393 351 1457 ·Sed
369 1392 444 1458 sudi
462 1392 503 1457 de
521 1393 584 1456 hoc
602 1396 695 1457 etism
714 1391 814 1474 ipsius
833 1392 949 1456 verbe:
982 1395 1078 1476 „Ego
1098 1396 1176 1477 qui·

151 1493 225 1560 dem
243 1493 329 1557 houd
347 1505 445 1574 puto,
476 1494 599 1576 inquit,
628 1494 735 1576 neqiw
765 1492 820 1556 ulli
840 1492 1037 1570 Christiano,
1070 1499 1173 1560 multo

150 1594 251 1679 magis
270 1594 367 1658 docto
386 1595 542 1677 theologo
561 1613 631 1657 esse
650 1593 869 1658 simulandum.
915 1594 1067 1658 Ethnicus
1088 1617 1175 1679 quo·

150 1715 216 1781 que
240 1693 376 1775 scriptor
400 1692 631 1758 simulationem
648 1692 792 1756 damnet:
821 1695 902 1758 tollit
924 1695 1025 1772 enim,
1052 1695 1172 1778 inquit,

148 1794 304 1879 judicium
323 1793 403 1871 veri,
424 1792 523 1879 idque
542 1795 725 1859 adulterato.
763 1795 869 1857 Tanto
886 1795 1000 1872 minus,
1021 1796 1076 1878 qui
1096 1807 1174 1859 tuus
1210 1804 1216 1817 '

148 1906 198 1961 est
224 1907 342 1973 status,
366 1895 543 1959 simulando
561 1913 598 1956 ec
623 1892 849 1969 dissimulando
868 1897 1048 1958 conversari
1068 1897 1173 1961 homi·
1207 1904 1214 1913 '

147 1998 262 2076 nibus,
289 2007 321 2063 te
342 1997 449 2073 decet,
476 2016 537 2061 nos
563 1993 669 2059 omnis
687 1994 767 2057 durs
787 2005 818 2057 et
845 1995 977 2058 adversa
999 1995 1106 2059 lacere
1136 2007 1172 2061 et

147 2099 231 2184 pati,
250 2109 285 2164 ut
304 2108 428 2162 constet
444 2096 587 2175 libertus,
608 2114 664 2176 per
684 2104 743 2158 est.
789 2096 842 2158 Tu
861 2116 921 2158 nec
939 2094 995 2159 ubi
1014 2097 1170 2176 offendas,

147 2221 188 2262 ne
207 2199 390 2282 suspicione
410 2197 539 2282 quidem
556 2206 593 2259 ut
618 2195 757 2273 lebores,
787 2194 821 2260 id
839 2196 1012 2262 videndum
1032 2210 1080 2263 est
1099 2222 1172 2263 om·

144 2300 251 2363 nibus.
300 2299 335 2361 Si
361 2298 495 2362 victoria
524 2306 714 2381 sequeretur
739 2298 798 2360 hos
817 2310 967 2374 consuis,
1003 2320 1098 2362 nerno
1118 2301 1170 2364 uti

144 2399 266 2462 mallet:
298 2417 387 2475 cum,
418 2397 498 2481 quid
516 2397 657 2461 imminet
674 2399 807 2480 periculi
827 2421 893 2463 non
913 2402 1049 2478 vereris,
1071 2403 1169 2468 etiem

145 2495 406 2561 amicissimorum
464 2517 538 2561 cum
589 2499 797 2564 'ursectatione
846 2500 1037 2564 declinare.“
1087 2504 1180 2566 Hec.

142 2602 316 2669 Huttenus.

220 2704 426 2766 Erasmus.
464 2701 517 2764 An
535 2702 614 2777 hoc,
646 2701 735 2784 quod
760 2700 941 2776 moliretur,
970 2703 1169 2766 conduceret

141 2802 277 2889 publicis
305 2801 436 2866 studiis
458 2800 595 2882 negotio
621 2801 834 2883 Euangeliou,
865 2821 902 2863 ec
933 2799 1029 2864 rebus
1068 2802 1166 2874 etiam

87 2962 90 2967 .
140 2927 218 2970 surs.

219 3006 329 3068 Otto.
367 3003 421 3067 An
438 2999 572 3083 publicis
591 3000 703 3064 studiis
723 3001 843 3083 eliqrrid
861 3001 1028 3082 profuerit,
1048 3022 1165 3084 parum

141 3104 253 3168 refert.
288 3103 428 3184 Negotio
443 3101 654 3184 Esrangelico,
671 3100 697 3164 si
716 3104 930 3184 nonprofuit,
950 3101 1024 3164 nihil
1040 3102 1174 3179 obluit3,

142 3223 179 3265 nc
198 3224 240 3266 ne
258 3202 323 3264 suis
342 3201 436 3264 etism
456 3201 569 3277 rebus,
590 3222 667 3285 quas
688 3201 898 3266 destinaverat
913 3205 975 3267 huc
987 3205 1098 3279 semel,
1118 3224 1164 3267 ne

140 3304 231 3369 dives
255 3304 362 3378 fieret,
382 3303 434 3367 vel
452 3313 610 3383 spectatus
628 3303 662 3365 in
680 3304 742 3365 hoc
761 3306 886 3366 saeculo.

215 3405 414 3467 Erasmus.
453 3401 574 3465 Retulit
592 3404 755 3484 epistolam
774 3402 1008 3466 atrocissimam.

216 3505 324 3568 Otto.
361 3502 426 3566 Sed
443 3503 543 3566 multo
563 3504 722 3566 crudelius
741 3515 807 3565 ernt
827 3505 959 3580 vulnus,
988 3505 1040 3567 cui
1059 3506 1163 3570 medi·
1200 3574 1202 3578 ,

141 3607 276 3670 cundum
298 3603 419 3680 lueret,
441 3613 474 3666 et
496 3603 647 3683 poscebat
664 3607 725 3666 tale
745 3605 896 3686 malagma
914 3608 1048 3686 pessima
1066 3609 1160 3690 plage

139 3717 194 3769 tun
211 3707 424 3767 vehementer.

215 3806 408 3867 Erasmus.
446 3802 605 3884 Proponit
623 3803 743 3886 aliquot
762 3803 901 3868 crimina.

217 3905 324 3967 Otto.
361 3900 446 3966 Nihil
464 3923 530 3964 non
550 3903 642 3979 lecit,
663 3916 695 3966 et
710 3908 825 3968 nullam
843 3908 1027 3971 medicinam
1041 3932 1176 3992 exper·.

139 4015 190 4068 tus
209 4025 276 4066 non
296 4015 359 4080 cst,
388 4024 454 4086 quo
476 4025 601 4067 rursum
618 4006 818 4085 lucrifaceret
843 4019 884 4070 te.
923 4011 1016 4072 Nunc
1036 4011 1161 4074 blandi-

36 4141 38 4144 ·
138 4115 207 4181 tur,
227 4126 313 4168 nunc
332 4116 454 4181 monet,
474 4125 559 4168 nunc
579 4108 699 4189 arguit,
720 4130 805 4170 nunc
824 4112 998 4191 opprobrat
1013 4114 1159 4190 quodam

139 4215 228 4269 antea
248 4206 371 4268 adserta
390 4216 515 4286 perte,
535 4227 620 4268 nunc
639 4207 800 4285 obsecrat,
818 4212 972 4274 rationem
984 4224 1020 4273 ut
1038 4213 1157 4278 habeas

137 4317 269 4370 senectae
288 4316 320 4367 ct
337 4305 523 4369 eruditionis
543 4317 615 4368 tuae.
652 4309 779 4372 Nullum
798 4320 901 4372 tamen
920 4312 1043 4395 insigne
1063 4315 1156 4396 flagi.

135 4407 211 4470 tium
229 4406 389 4489 impingit,
409 4404 469 4470 nisi
485 4408 661 4487 perfidiam,
686 4422 717 4473 et
736 4410 825 4494 quod
847 4411 880 4475 in
898 4413 1154 4479 adversariorum
