2618 5108
573 728 752 830 epistola
1091 735 1163 808 aaa

139 944 204 1010 (pre
224 925 359 989 babebat
378 926 412 989 in
432 928 500 989 aula
520 926 652 991 nimium
672 948 766 1012 quam
785 927 917 1003 multos,
945 925 986 990 de
1010 935 1044 988 te
1062 935 1100 990 ut
1117 925 1166 988 loa

138 1040 280 1111 queritur
301 1031 459 1102 homines,
482 1029 537 1110 qui
556 1040 602 1091 tot
616 1029 711 1091 habes
729 1031 896 1104 dominos,
919 1037 1000 1110 quot
1010 1028 1166 1109 vagantur
1243 1016 1246 1023 ¹

137 1130 220 1192 cirea
242 1129 363 1209 galeriti
380 1130 578 1204 Cauliuales,
600 1129 714 1191 mitrati
731 1130 900 1211 Episcopi,
921 1150 993 1191 curn
1015 1128 1058 1190 illi
1075 1138 1166 1190 auto-

136 1231 260 1295 ritatem
280 1231 474 1306 intersum,
496 1243 776 1314 quantumcunque
795 1246 939 1311 potentes
960 1242 1063 1292 tamen
1084 1228 1167 1291 obti-

138 1331 252 1393 neret?
284 1333 346 1393 Sed
375 1332 533 1393 communi
554 1332 641 1392 bono
672 1333 748 1406 erit,
780 1333 844 1392 baec
871 1351 973 1412 nuper
999 1330 1073 1393 inita
1093 1342 1165 1395 cunt

137 1432 296 1494 Pontilice
317 1432 462 1493 amicitia.
488 1433 670 1514 Aliquando
692 1436 773 1493 enim
792 1435 887 1495 fidem
906 1442 1078 1496 tenuerunt
1098 1433 1166 1495 Ro·

138 1533 222 1597 mani
276 1532 345 1607 isti,
396 1532 584 1612 quibuscum
624 1550 713 1613 pacta
756 1535 912 1609 fecerant,
945 1544 976 1594 et
1006 1532 1168 1594 tenuerint

137 1655 298 1716 unquam,
330 1634 370 1693 ‹le
392 1633 583 1694 Florentino
610 1646 712 1696 tamen
734 1634 881 1717 iugenio,
909 1655 975 1695 non
995 1633 1090 1695 debet
1110 1654 1166 1695 ve·

136 1738 205 1798 nire
234 1737 264 1795 iu
296 1751 432 1795 mentem
460 1735 532 1809 tibi,
572 1747 608 1795 ut
635 1713 743 1796 dolum
771 1736 957 1816 suspiceris,
994 1735 1166 1816 praesertim

137 1839 253 1903 fraude
273 1837 320 1898 bis
342 1848 455 1918 terque
475 1838 670 1915 deprebensa
689 1835 778 1913 jam?
805 1836 913 1916 Qualis
933 1857 1012 1898 vero
1032 1835 1166 1898 amicitia

139 1952 187 2005 eat
208 1963 280 2003 cum
301 1961 360 2012 e0‚
392 1938 448 2020 qui
467 1941 569 2019 legem
590 1939 658 2013 dat,
690 1958 752 2020 qua
773 1948 827 1998 tua
847 1936 1004 2018 possidet,
1039 1937 1165 2020 sibique

137 2042 243 2125 ipsum
264 2058 294 2104 te
315 2040 459 2114 subiicit,
491 2050 607 2099 tantum
631 2039 716 2100 abest
736 2052 772 2099 ut
791 2038 948 2120 aequalitas
969 2037 1165 2101 intercedat?

136 2146 218 2208 Nam
236 2144 268 2203 in
289 2161 456 2202 commune
476 2153 511 2200 ut
531 2151 692 2219 acceptum
713 2139 753 2201 sit
772 2140 833 2200 hoc
852 2149 942 2200 tuum
959 2138 1078 2201 factum
1098 2160 1166 2202 non

141 2260 190 2308 est
212 2245 301 2326 quod
320 2240 423 2303 multis
444 2252 593 2320 repetam.
632 2241 811 2302 Multorum
830 2238 891 2320 jam
912 2255 944 2303 et
962 2241 1048 2303 varia
1070 2239 1167 2323 signi·

136 2344 286 2411 ficatione
316 2343 398 2403 edita
419 2364 484 2402 non
506 2342 641 2404 obscure
661 2340 854 2416 intellexisti,
887 2363 953 2403 non
978 2344 1079 2404 solum
1099 2361 1166 2404 non

137 2464 208 2507 esse
222 2461 309 2525 grata
324 2443 416 2504 nobis
436 2442 656 2523 hujuscemodi
668 2464 740 2504 cum
758 2441 814 2503 illis
829 2442 965 2517 foedera,
985 2443 1040 2505 red
1054 2442 1166 2507 odiosa

135 2547 232 2610 etiam
253 2557 283 2606 et
304 2546 423 2620 inrisa,
450 2565 555 2626 neque
576 2565 716 2627 unquam
735 2543 885 2618 serenda,
916 2543 1020 2605 donec
1040 2545 1168 2626 quidem

136 2644 251 2711 ¹volunt
266 2668 303 2709 ea
319 2647 368 2708 hic
389 2646 483 2707 licere
502 2645 572 2721 sibi,
594 2668 663 2728 quaa
682 2643 818 2705 eliberit
838 2643 984 2716 concedi,
1006 2665 1072 2705 non
1091 2665 1166 2725 poa·

137 2764 221 2813 aunt.
275 2752 363 2829 Quot
393 2751 461 2809 talia
491 2769 562 2810 cum
591 2747 629 2809 iis
663 2756 753 2823 pacta
793 2758 1052 2814 Maximilianus
1084 2746 1165 2823 iniit,

138 2870 212 2912 cum
229 2849 397 2930 saepissime
417 2848 596 2930 languentia
616 2847 665 2908 illa
686 2846 890 2925 refocilaret,
912 2867 944 2913 et
963 2860 1066 2911 tamen
1081 2847 1166 2911 haud

138 2953 241 3014 multo
260 2961 332 3011 aute
364 2971 458 3032 quam
477 2960 656 3011 moreretur
677 2960 805 3013 testatus
836 2962 900 3027 est,
930 2951 1088 3012 neminem
1107 2949 1167 3014 sibi

137 3073 252 3116 eorum
272 3052 482 3125 Pontificum,
504 3050 559 3132 qui
580 3070 639 3112 suo
660 3066 802 3130 tempore
822 3071 880 3130 per
900 3051 1020 3134 aliquot
1039 3049 1167 3136 triginta

137 3174 238 3216 annos
253 3152 404 3227 luissent,
424 3152 517 3212 fidem
538 3150 686 3213 tenuisse.
725 3152 790 3212 Sed
803 3168 837 3213 tu
850 3153 982 3216 meliora
999 3153 1166 3235 proponit,

137 3255 189 3318 lac
207 3256 354 3324 evenire,
375 3264 408 3312 et
420 3274 488 3334 quae
503 3252 620 3314 sancita
631 3252 713 3314 inter
726 3272 785 3313 vos
801 3265 892 3328 sunt,
914 3254 1163 3317 constantissimo

138 3354 381 3427 retentarunt)
421 3353 523 3426 illum,
564 3363 668 3414 tamen
703 3373 809 3436 neque
836 3355 1002 3415 honestum
1030 3353 1087 3415 tibi
1107 3364 1167 3430 est,

138 3475 247 3537 neque
269 3453 443 3513 Germania
465 3453 649 3527 ferendum,
669 3455 730 3514 hoe.
750 3453 852 3533 pretio
874 3475 982 3536 pacem
998 3474 1105 3516 emere
1122 3469 1166 3516 te.

102 3559 105 3569 ’
140 3556 221 3618 Nam
242 3565 274 3615 et
298 3553 438 3633 imperio.
458 3555 549 3613 ltaliae
570 3553 672 3628 cedis,
685 3556 732 3629 ea)
762 3576 797 3616 ac
817 3555 896 3617 urbe
918 3557 1020 3617 Roma
1040 3554 1167 3633 imperii

139 3654 317 3728 domicilio,
353 3665 384 3716 et
415 3655 544 3734 gratiam
572 3654 649 3716 lacis
682 3656 859 3736 expilantli,
904 3656 1031 3740 quoties
1059 3657 1166 3734 libeat,

143 3755 362 3829 Germaniam,
394 3776 499 3837 neque
531 3776 591 3836 pro
623 3757 741 3819 annalis
763 3757 897 3837 pretium
924 3757 1080 3838 persolvi,
1110 3768 1165 3820 aut

139 3858 231 3938 pallia
251 3859 312 3918 emi
333 3858 500 3937 prohibes,
526 3870 556 3917 et
577 3857 854 3921 bullisnunclinari
876 3860 923 3920 hic
943 3859 1113 3939 permittis,
1133 3869 1168 3922 et

141 3956 318 4022 Curtisauis
339 3982 404 4019 non
426 3960 519 4020 vitam
540 3971 676 4034 tantum,
710 3960 767 4020 sed
787 3979 921 4041 regnum
940 3959 1030 4020 etiarn
1051 3980 1166 4022 conce-

139 4059 213 4122 dis..
241 4061 310 4121 Hac
329 4062 477 4122 mercccle
505 4081 625 4141 pactam
647 4058 827 4133 amicitiam,
860 4060 906 4121 his
927 4047 1167 4124 contlitionibua

139 4160 249 4223 initam
268 4183 376 4241 paoem
396 4161 555 4222 communi
575 4161 661 4221 bono
683 4183 752 4222 essc
773 4160 974 4242 interpretari
993 4160 1089 4221 licet?
1116 4161 1167 4227 lla

140 4261 252 4346 inquis
272 4262 394 4339 lerunt,
416 4264 475 4346 qui
493 4284 511 4325 a
528 4261 660 4325 consilio
676 4262 752 4324 mihi
766 4272 852 4326 sunt.
889 4264 937 4325 lta
947 4262 1065 4338 lerunt,
1085 4258 1166 4326 seio.-

175 4473 207 4540 ⁸)
224 4485 385 4529 Saraucarum
397 4498 405 4525 .·
425 4493 530 4529 serrare.
584 4473 631 4546 ’‘⁸)
651 4484 738 4528 ceals:
757 4480 823 4528 tedia
839 4477 882 4531 illl.
