2618 5108
406 697 607 801 numu
628 697 817 803 Discus·
1044 703 1119 817 lta

102 889 964 986 .iaoaa2.ummiemsmnsumautuess
981 895 1120 987 ·.0oa⁹!

108 992 475 1083 αυιᾳμιὰαςεΠὶξῇῃιμρὶε
482 974 660 1082 lumaaitsis
673 1006 885 1085 comparemus
896 1018 975 1081 esse,
997 1007 1122 1085 utque.-

107 1094 424 1184 nocuimus
441 1095 593 1181 tulate.
607 1115 723 1185 sorau
737 1117 796 1179 sar
812 1108 921 1186 ...nna
936 1097 975 1161 ⁸11
994 1095 1122 1179 invidie

103 1197 187 1275 ¹llum
206 1195 266 1259 soli
284 1193 441 1285 :lflVllllQ
456 1216 534 1284 ‚pon
546 1272 552 1284 .
558 1192 716 1273 sentiunt,
740 1218 875 1279 quorum
895 1197 929 1261 in
947 1195 1121 1282 conspicuo

107 1297 220 1361 virtus·
240 1317 308 1359 non
322 1292 667 1389 „95ls-2.,E⁰⁸·¹¹¹³¹ll¹l⁸.
681 1295 732 1385 illa
750 1296 956 1391 pelit„.‹puos
975 1295 1121 1382 altissime

108 1396 212 1459 erexit
236 1399 311 1459 hec.
357 1396 498 1460 Necesse
519 1409 567 1461 est
585 1409 705 1472 autem,
737 1399 870 1489 multam
891 1398 927 1463 in
955 1419 1121 1483 commune

108 1497 225 1578 possit,
246 1497 298 1559 cui
318 1519 425 1561 rerum
445 1519 563 1577 summa
582 1500 780 1589 procuranda
800 1510 856 1561 est.
909 1501 1011 1581 Quam
1029 1499 1121 1561 facile
1222 1539 1224 1543 <

107 1621 234 1680 pessum
260 1599 405 1663 rediisset
430 1592 557 1679 pulilica
583 1588 725 1676 libertas,
757 1598 784 1662 si
810 1600 849 1660 ad
868 1598 1120 1697 uniuscujusque

107 1721 235 1781 pravam
254 1701 294 1763 de
313 1720 363 1762 me
384 1698 566 1779 opinionem
592 1697 693 1775 vires,
716 1698 831 1782 quibus
857 1698 974 1763 tuenda
994 1698 1120 1775 caluit,

109 1802 302 1865 dimisissem.
341 1799 376 1861 ln
391 1802 452 1862 hoc
464 1798 660 1882 propositum
672 1821 742 1862 cum
760 1800 930 1881 potentiam
940 1800 1119 1876 retinerem,

109 1912 296 1984 gratumque
306 1901 338 1962 id
349 1900 441 1962 bonis
457 1901 603 1975 facerem,
616 1899 650 1962 in
665 1902 811 1963 affectate
821 1902 992 1980 tyrannidis
1006 1905 1122 1965 calum·

109 2002 192 2062 niam
205 2001 288 2082 apud
300 2002 396 2062 malos
410 1999 515 2062 incidi.
529 2001 651 2080 Quodsi
661 2022 795 2083 regnum
804 2021 1006 2082 occupassem
1016 2002 1119 2078 etiam,

110 2102 161 2163 cui
182 2102 215 2165 id
235 2101 333 2182 magis
351 2102 576 2178 conveniebat,
598 2123 697 2186 quam
705 2101 752 2177 ei,
775 2100 830 2185 qui
847 2101 886 2164 ab
903 2114 1034 2165 externa
1054 2124 1121 2165 ses·

109 2201 208 2264 vitute
228 2203 422 2278 redemerat,
446 2224 527 2286 quos
547 2202 606 2265 sub
626 2201 758 2284 patrium
778 2222 911 2284 regnum
931 2205 1119 2268 collecturus

110 2303 201 2365 erat?
215 2302 297 2367 Mihi
312 2303 452 2365 nondum
463 2303 731 2384 paremretulisset
743 2302 872 2385 gratiam
888 2302 996 2384 patria,
1020 2303 1047 2366 si
1059 2323 1137 2385 pro.

108 2401 251 2466 restituta
270 2401 332 2467 sibi
348 2400 504 2480 libertate,
524 2424 623 2488 seque
643 2405 683 2467 ab
696 2402 823 2466 interitu
838 2423 940 2486 prope
955 2403 1120 2481 vindicata,

109 2524 242 2586 regnum
271 2506 353 2566 ultro
388 2504 559 2568 detulisset.
618 2505 662 2585 At
688 2523 767 2567 uero
796 2506 1019 2587 languescente
1047 2515 1121 2586 post

66 2599 68 2609 ’
110 2604 260 2685 temporis
280 2603 440 2681 intervalla
459 2605 579 2688 accepti
596 2598 750 2668 ›benellcii
777 2605 945 2680 memoria,
965 2625 1054 2685 passa
1072 2617 1121 2668 est

109 2704 215 2786 impeti
231 2704 381 2768 calumnia
397 2705 545 2787 primum,
566 2705 682 2771 deiude
702 2707 837 2790 opprimi
857 2706 985 2769 scelere.
1023 2706 1121 2786 Quod

110 2825 170 2868 nec
189 2804 290 2886 primo
310 2805 384 2868 mihi
404 2827 464 2869 nec
482 2806 610 2882 ultimo,
638 2829 730 2886 reor,
753 2807 895 2891 contigit.
936 2803 1016 2867 Tuis
1037 2803 1121 2870 enim

109 2906 320 2969 benemeritis
339 2907 418 2988 grati
433 2908 562 2970 fuerunt
577 2907 861 2993 Carthaginenses?
879 2909 946 2972 Aut
965 2925 1030 2967 non
1046 2905 1119 2983 fult,

108 3030 177 3090 quae
197 3018 227 3070 te
247 3020 416 3088 premeret,
443 3007 591 3092 imoque
605 3006 761 3091 oppressit
777 3009 901 3071 tandem
921 3005 1120 3073 inimicorum

108 3108 194 3168 domi
214 3105 401 3169 insectatio?

516 3226 722 3291 Hannibal.
821 3232 828 3242 '

180 3321 314 3398 Fateor,
335 3322 405 3385 luit.

508 3459 721 3526 Arminius.
788 3496 790 3501 ·

181 3556 260 3618 Nam
284 3555 434 3637 Scipioni,
456 3559 569 3636 credo,
590 3560 692 3626 vicem
709 3564 847 3628 reddidit
867 3569 981 3649 patris,
1003 3569 1035 3632 in
1057 3592 1120 3654 qua

106 3679 125 3718 a
153 3678 187 3719 se
207 3656 392 3739 amplissime
412 3659 576 3735 decorata,
605 3674 677 3741 post
706 3675 752 3725 tot
772 3667 854 3729 edita
873 3672 1017 3748 praeclara
1044 3671 1121 3746 saci-

106 3779 204 3831 nora,
223 3781 264 3821 ne
284 3759 365 3823 mori
389 3761 516 3843 quidem
536 3762 706 3841 permissus
726 3776 782 3828 est.
821 3765 917 3832 Certe
936 3771 1119 3835 Alexandro

107 3856 277 3921 domestica
296 3862 413 3926 invidia
432 3875 565 3926 mortem
584 3865 792 3930 concinnavit.

543 4054 686 4118 Minos.

184 4145 285 4210 Etiam
316 4149 377 4211 lioc
407 4152 578 4234 expedivit.
616 4154 662 4217 Ita
689 4155 770 4219 enim
799 4167 867 4220 est:
897 4158 999 4220 Nemo
1019 4159 1119 4224 clamas

109 4268 248 4331 unquam
267 4248 343 4327 fuit,
365 4252 417 4315 cui
435 4274 501 4316 non
521 4253 688 4336 aliquando
708 4256 814 4320 fraudi
831 4279 888 4322 sua
908 4271 992 4323 esset
1010 4259 1121 4324 virtus.
