2618 5108
201 798 294 874 tta·
403 841 406 844 ·
541 800 700 900 Spongia
722 799 865 874 Erasmi

193 1004 269 1055 'mm
297 978 539 1075 Evangelicani,
581 1014 653 1056 eum
682 992 841 1073 perpetuo
868 993 926 1056 sim
954 1002 1113 1055 aversatus
1137 990 1223 1053 illam

196 1088 389 1168 lectionem,
409 1114 627 1176 necunquam
647 1094 810 1169 desierim,
837 1106 952 1177 quanta
972 1112 1100 1174 possum
1120 1093 1224 1153 since·

197 1190 292 1281 ritate
310 1195 488 1273 provehere
511 1214 579 1256 rem
598 1194 832 1276 Evangelicant.
883 1194 934 1255 Sic
961 1204 1064 1254 autem
1083 1190 1224 1269 assumit,

193 1292 373 1376 magnificis
394 1293 522 1376 quidem
541 1295 665 1369 verbis,
686 1295 744 1356 sed
763 1316 873 1375 parum
891 1295 1066 1374 pudenter:
1101 1339 1115 1364 „
1124 1290 1223 1372 Quid,

110 1415 116 1423 ·
195 1394 319 1476 inquit,
343 1395 467 1456 tandem
485 1415 554 1456 esse
569 1395 684 1475 possit,
707 1415 764 1456 cur
778 1407 829 1470 tu,
850 1393 905 1475 qui
920 1395 1097 1477 Romanum
1108 1391 1222 1454 Ponti·

200 1495 293 1556 licem
312 1514 415 1573 nuper
434 1493 466 1555 in
482 1494 626 1557 ordinem
647 1494 812 1575 redigebas
832 1493 1012 1567 nobiscum,
1034 1493 1131 1572 ipsam
1155 1494 1224 1554 Ro·

200 1612 298 1668 marn,
319 1596 471 1655 scelerum
490 1615 525 1655 ac
546 1594 752 1675 improbitatis
774 1595 936 1668 sentinam,
956 1592 1084 1654 vindice
1104 1595 1227 1654 calamo

198 1690 405 1773 increpabas,
435 1694 533 1756 bullas
553 1717 588 1756 ae
608 1695 817 1776 indulgentias
837 1694 1054 1766 detestabaris,
1081 1695 1223 1754 cerimo-

194 1793 269 1856 'nias
290 1794 471 1868 damnabas,
504 1794 731 1857 Curtisanicam
752 1796 918 1875 exigebas,
951 1793 1001 1871 jus
1024 1793 1222 1855 Canonicum

198 1904 232 1956 et
252 1894 443 1956 Pontificum
471 1894 546 1957 scita
566 1896 784 1971 execrabaris,
816 1897 849 1958 in
879 1916 1014 1968 summa,
1042 1895 1221 1956 universam

199 1991 281 2056 iltius
300 2006 397 2057 status
417 1995 606 2076 hypocrisim
633 1996 832 2058 severissime
851 1996 1059 2077 profligahas,
1091 1994 1116 2055 is
1136 2014 1222 2054 nunc

200 2106 289 2157 retro
319 2108 422 2171 acttts,
458 2096 613 2157 contraria
642 2097 804 2178 sequaris,
836 2107 867 2158 et
897 2117 968 2157 eum
996 2094 1100 2157 hostili
1130 2105 1219 2173 parte

198 2195 379 2258 societatem
392 2195 478 2258 ineas
487 2195 517 2256 ?“
539 2197 677 2258 Rursum
694 2196 780 2259 alibi:
804 2198 882 2276 „Qui
902 2198 1055 2277 sepultam
1074 2195 1221 2273 pietatem

196 2294 397 2369 refodiebas,
428 2283 636 2376 Eiangelium
666 2296 828 2358 elatebris
858 2296 890 2357 in
910 2299 1011 2358 lucem
1030 2295 1219 2371 reducebas,

179 2393 295 2455 ‹fidem
329 2404 361 2452 et
397 2395 584 2473 religionem
613 2395 823 2472 instaurabas,
857 2397 882 2458 is
913 2417 996 2457 nnnc
1025 2396 1063 2455 ad
1084 2395 1217 2456 eandem

199 2493 463 2569 conculcandum,
500 2493 707 2572 ejiciendum,
741 2499 1024 2577 prosternendum,
1061 2507 1091 2556 et
1112 2495 1219 2556 iuteri-

195 2597 346 2658 meudum
378 2616 505 2675 operam
531 2599 717 2677 profiteris.“
755 2603 871 2660 Eamus
898 2618 983 2659 nunc
1008 2608 1040 2658 et
1067 2596 1218 2671 dicamus,

200 2695 274 2759 huic
297 2695 489 2759 criminatori
519 2718 588 2760 esse
608 2698 727 2780 aliquid
746 2698 883 2759 frontis!
921 2696 1067 2758 Huncin
1088 2697 1219 2758 modum

199 2818 300 2861 causac
340 2820 489 2861 summam
527 2800 678 2880 proponit
719 2800 894 2872 Huttenus,
933 2808 964 2859 et
1000 2797 1088 2879 quod
1122 2799 1218 2858 semel

200 2899 382 2980 assumpsit,
410 2899 544 2962 subinde
571 2900 677 2960 verbis
706 2900 771 2975 aliis¹
805 2911 901 2980 atque
927 2895 993 2958 aliis
1022 2899 1157 2957 inculcat
1185 2908 1217 2959 et

195 3012 383 3081 exaggerat,
405 3000 515 3081 quasi,
536 3001 624 3084 quod
646 3020 755 3081 perse
775 3020 890 3059 vanum
910 3009 975 3073 est,
1003 2998 1115 3076 saepius
1136 3018 1217 3057 asse·

196 3101 339 3160 veraudo
360 3104 413 3160 liat
432 3122 554 3162 verum.
597 3102 706 3183 Atque
733 3099 783 3161 hic
802 3099 932 3176 expedit
952 3119 1077 3158 omnem
1098 3099 1217 3158 oratio-

195 3198 244 3261 nis
264 3200 402 3278 copiam,
435 3221 559 3261 omnem
585 3201 648 3260 vim
676 3221 713 3260 ac
738 3199 976 3261 vehementiam.
1015 3197 1078 3260 Ubi
1099 3198 1215 3260 lunda·

193 3310 332 3362 mentum
352 3299 448 3362 totius
466 3299 612 3360 dictionis
632 3301 723 3360 inane
740 3312 787 3361 est
802 3321 837 3359 ac
850 3298 1018 3372 frivolum,
1039 3319 1104 3380 quo
1118 3299 1217 3379 magis

193 3398 338 3462 oratione
358 3400 571 3475 tumultuosis,
592 3401 653 3461 hoe
669 3400 766 3482 magis
784 3401 889 3481 perdis
904 3417 1016 3480 aquarn
1029 3410 1061 3458 et
1075 3421 1217 3479 operam.

193 3500 309 3582 'Neque
329 3500 413 3561 enim
433 3501 483 3562 hic
502 3501 574 3561 licet
594 3502 626 3561 in
646 3522 738 3563 causa
756 3502 855 3573 scria,
876 3500 964 3581 quod
985 3497 1017 3558 in
1031 3501 1108 3560 lictis
1123 3501 1216 3562 etiam

190 3601 418 3664 controversiis
449 3603 518 3663 lieri
544 3601 669 3663 solitum
696 3600 898 3679 reprehendit
919 3611 1147 3683 Quintilianus,
1181 3611 1216 3662 ut

194 3702 266 3783 quis
286 3722 345 3762 suo
369 3701 518 3763 arbitratu
538 3703 650 3782 lingat,
674 3702 726 3762 cui
747 3703 947 3780 respondeat.
987 3701 1073 3761 Mire
1094 3724 1129 3763 se
1149 3712 1217 3763 tor·

192 3813 271 3882 quet
289 3801 363 3861 drun
384 3801 545 3878 expendit,
568 3802 683 3882 quihus
703 3801 804 3862 causis
818 3801 856 3861 ab
870 3801 1012 3861 instituto
1033 3812 1093 3861 tarn
1106 3814 1215 3863 sancto

194 3900 317 3960 adrem
338 3901 603 3962 sceleratissimam
629 3901 792 3964 transferri
817 3901 985 3980 potuerim.
1035 3904 1078 3964 At
1098 3902 1129 3962 in
1154 3904 1216 3964 hoc

193 4010 260 4059 erat
280 4001 322 4060 illi
342 4001 562 4077 laborandum,
583 4014 618 4062 ut
638 4005 768 4063 (locaret
789 4024 857 4063 esse
874 4023 995 4075 verum,
1019 4003 1108 4083 quod
1127 4024 1216 4065 assu·

192 4098 260 4160 mit.
299 4100 346 4161 lbi
367 4104 534 4165 vehemens
557 4114 665 4164 orator
685 4103 760 4163 nihil
779 4103 871 4163 habet
896 4104 983 4184 quod
1005 4104 1100 4176 dicat,
1133 4103 1212 4165 nisi:

194 4200 342 4282 „quidam
366 4203 438 4262 mihi
458 4212 648 4264 narrarunt.“
689 4204 834 4265 Graviter
851 4216 882 4263 et
898 4203 1047 4265 atrociter
1062 4207 1213 4291 exclamat

192 4301 224 4362 in
246 4323 337 4376 eum,
372 4302 428 4385 qui
448 4304 570 4366 deserta
588 4316 620 4365 et
645 4303 770 4384 prodita
789 4323 882 4364 causa
901 4303 1092 4382 Evangelica
1112 4316 1211 4366 trans-

191 4399 314 4484 l'ugerit
334 4402 373 4463 ad
393 4415 512 4484 partem
531 4404 706 4480 diversam,
729 4405 784 4489 qui
796 4404 929 4484 pecunia
945 4417 1129 4484 corruptus,
1152 4405 1212 4466 bo-
