2618 5108
128 69 601 272 4,..,,,”,.,·-*·-.σ-·.
644 245 662 256 ψ

337 755 513 833 adversus
537 756 963 860 adspergineaHutteni.
1093 762 1167 843 dt}
1241 724 1243 728 A

141 947 169 1012 ai
187 948 275 1013 tores
291 960 382 1014 erant
404 952 555 1028 occiusae,
577 950 691 1015 licebat
709 955 844 1037 putum.
884 955 944 1030 „At
956 967 991 1021 tu
1012 957 1164 1040 depraca·

140 1048 249 1126 baria,
267 1051 386 1135 inquit,
404 1051 616 1134 colloquium!
629 1059 643 1085 “
664 1054 695 1118 0
707 1075 826 1119 novum
847 1057 1014 1137 pudorem.
1051 1060 1164 1123 Utrum

140 1152 239 1233 igitur
267 1153 480 1217 verecundius
505 1164 587 1231 erat,
608 1154 696 1217 adire
715 1157 939 1220 detrectantem
959 1159 1164 1241 colloquium,
1270 1192 1274 1198 -

141 1273 267 1316 anmox
279 1253 418 1316 scribere
441 1255 532 1315 talem
549 1253 686 1317 libellum
705 1254 739 1317 in
759 1256 891 1320 amicum
908 1257 984 1321 nibil
1004 1258 1164 1340 suspican-

140 1355 226 1416 tem?
255 1354 419 1416 Debuerat
442 1355 551 1416 saltem
574 1356 705 1435 epistola
723 1360 923 1438 expostulare
946 1358 1046 1440 priua,
1069 1381 1163 1443 quant

140 1454 220 1516 banc
246 1464 424 1535 occeptaret
453 1454 653 1537 tragoediam,
685 1476 757 1519 cum
787 1469 834 1520 tot
863 1459 979 1522 scribat
1005 1460 1163 1541 epistolae.

142 1553 230 1616 Solet
253 1555 396 1618 hostibus
422 1556 522 1618 missia
551 1555 713 1620 socialibus
743 1559 937 1622 denunciare
963 1562 1096 1638 bellum,
1130 1575 1163 1627 ct

141 1652 275 1717 amicum
293 1655 507 1737 inopinantem
523 1656 690 1720 adoritur?
711 1661 754 1722 At
763 1658 897 1723 forsitan
912 1660 1006 1739 dicet,
1028 1686 1062 1727 ae
1082 1686 1164 1728 non-

138 1752 215 1816 nihit
251 1755 444 1838 significasse
478 1755 706 1837 Eppendorpio
737 1757 778 1821 de
813 1759 918 1823 animo
943 1760 977 1824 in
1008 1785 1058 1829 me
1090 1788 1162 1832 auo.

140 1853 229 1917 Istud
263 1877 326 1937 ego
368 1858 424 1940 qni
460 1857 601 1920 divinare
636 1858 743 1938 potui,
796 1880 869 1923 cum
914 1865 1161 1949 Eppendorpiua

140 1965 321 2020 ‘constanter
340 1958 501 2020 affirmaret
514 1958 598 2037 apud
612 1979 677 2033 me,
698 1979 733 2020 ae
755 1961 870 2023 nuliam
889 1962 1047 2029 alieniorir
1067 1967 1162 2031 animi

139 2067 247 2119 uotam
271 2057 509 2136 deprehendere
531 2057 566 2119 in
586 2058 752 2122 Huttcuo?
779 2062 817 2124 ld
839 2082 909 2126 eece
935 2085 1065 2144 verum,
1092 2067 1161 2148 ipae
1251 2061 1258 2077 ’

141 2156 389 2239 Eppendorpiua
421 2177 486 2219 non
514 2169 626 2240 negat,
654 2170 686 2222 ct
709 2160 897 2244 frequenter
920 2166 1084 2248 profcaaua
1101 2179 1161 2246 eat,

140 2277 213 2320 cum
239 2258 323 2338 apud
358 2277 424 2334 me,
461 2268 526 2321 tum
562 2261 648 2339 apud
685 2260 763 2325 alioa
790 2266 983 2346 complures,
1022 2288 1162 2351 quorum

140 2375 188 2428 eat
217 2373 352 2444 Beatus,
390 2375 591 2445 Glareanus,
625 2374 815 2444 Botzcmus,
852 2363 970 2449 aliique
1007 2370 1162 2435 nonnulii.

140 2464 242 2529 Vides
268 2466 381 2550 igitur,
406 2468 523 2544 lector,
551 2488 645 2551 quam
669 2468 720 2530 bie
744 2467 820 2531 nihil
847 2486 867 2529 a
890 2482 942 2529 mc
960 2470 1162 2536 commiaaum
1256 2466 1260 2476 ’

140 2567 192 2628 vel
212 2565 396 2644 inciviliter,
429 2569 482 2630 vel
512 2567 667 2650 superbe,
694 2571 747 2632 vei
772 2587 883 2650 parum
903 2567 1019 2646 amice,
1049 2573 1162 2637 velex

140 2670 220 2732 mala
248 2667 452 2730 conscientia.
501 2669 595 2730 Nunc
626 2669 702 2733 mihi
727 2671 813 2752 finge
846 2666 966 2750 aliquid
995 2670 1164 2737 admnaum

141 2779 254 2854 preter
271 2771 360 2849 leges
378 2768 570 2850 gratiarum,
588 2789 661 2832 cum
672 2770 818 2845 fateatur,
837 2786 888 2831 me
907 2769 999 2833 ulem
1017 2771 1162 2851 amicum,

141 2870 266 2952 qualem
287 2868 343 2930 rix
361 2869 469 2931 habuit
487 2866 598 2946 alium,
629 2889 701 2933 cum
719 2872 871 2945 fateatur,
902 2869 981 2931 meir
999 2870 1161 2936 laboribus

141 2968 235 3031 etiam
255 2968 383 3051 publice
401 2970 534 3032 multum
558 2968 678 3034 debere
697 2969 913 3033 Germaniam:
945 2990 1053 3034 nonne
1073 2971 1162 3052 priua
1293 3006 1300 3017 =

144 3069 313 3148 oportebat
331 3071 551 3149 expostulare,
577 3091 671 3154 quam
689 3073 782 3134 tatem
799 3071 897 3134 edere
917 3070 1073 3149 libellum,
1093 3093 1161 3158 quo

138 3170 258 3230 nullum
291 3168 393 3230 adbuc
422 3168 457 3230 in
482 3188 672 3252 quemquam
697 3170 823 3252 rcripait
854 3169 1108 3251 virulentiorem,
1128 3184 1163 3238 et

139 3271 267 3334 interim
286 3266 572 3348 expoatutationem
592 3264 697 3334 vocat.
749 3272 858 3356 Atque
877 3270 911 3334 in
931 3272 1065 3351 epistola
1083 3295 1162 3357 qua·

139 3373 211 3436 dam
230 3368 421 3432 mitissimam
440 3380 533 3431 vocat
555 3390 616 3450 pro
635 3370 683 3434 rei
701 3372 874 3435 atrocitate.
912 3373 976 3436 Ubi
994 3393 1081 3435 nunc
1099 3373 1160 3457 igi·

140 3485 193 3537 tur
212 3473 255 3535 itti
274 3490 457 3535 communes
476 3469 582 3548 amici,
610 3471 725 3556 quibus
744 3473 830 3536 dotet
854 3472 1029 3534 Huttenum
1055 3476 1161 3554 repul·

137 3597 207 3639 aum
219 3595 236 3635 a
247 3573 419 3656 colloquio,
434 3593 506 3634 cum
519 3574 766 3654 Eppendorpiut
784 3572 870 3649 aciat,
893 3593 959 3634 non
971 3571 1041 3636 ecte
1051 3576 1160 3655 repui-

136 3696 222 3752 rum,
238 3686 269 3736 et
282 3674 400 3737 factum
413 3672 545 3735 Hutteni
556 3673 730 3754 improbet,
749 3673 848 3755 quod,
861 3693 904 3735 ne
915 3671 1015 3751 poerit
1027 3672 1159 3739 inficiari

135 3777 316 3851 Huttenus,
362 3774 431 3855 ipse
465 3773 531 3836 ruia
570 3774 611 3835 ad
642 3797 693 3839 me
724 3772 820 3837 literis
854 3783 996 3836 testatur.
1048 3774 1157 3859 Atque

139 3879 290 3940 hactenus
332 3875 373 3937 de
405 3875 577 3937 detrectrto
608 3873 782 3958 colloquio.
839 3873 933 3935 Nunc
963 3874 1004 3937 ad
1028 3873 1159 3942 erimina

137 3977 329 4040 veniendum
348 3985 411 4050 est,
433 3975 548 4058 ‹pribua
567 3978 619 4039 ilic
638 3987 750 4038 natura
770 3972 852 4036 mitia
871 3973 1005 4047 Huttani
1023 3976 1154 4055 animur,

138 4079 177 4142 ad
196 4089 310 4139 tantam
337 4075 483 4138 saevitiam
507 4092 709 4159 exasperatur
734 4072 786 4136 ait.
828 4075 877 4136 Ea
894 4071 1041 4137 videlicet
1060 4097 1157 4156 opor-

136 4188 183 4240 tet
197 4198 267 4241 esae
287 4179 488 4240 vehementer
505 4177 633 4241 atrocia.
671 4175 811 4250 Fatetur,
830 4167 971 4235 noctrain
991 4174 1156 4271 amicitiam

137 4276 236 4341 iniere
259 4297 325 4339 non
350 4279 531 4359 vulgarem,
559 4277 688 4354 fatetur,
706 4295 757 4339 me
775 4270 1102 4358 rugnittoe'meritum
1120 4296 1158 4338 ac

137 4377 252 4443 mereri
270 4378 311 4441 de
337 4377 472 4459 publici·
491 4375 614 4442 rbadiie.
645 4377 759 4461 aitque
780 4372 834 4440 bic
856 4372 933 4440 mihi
961 4376 1031 4457 plut
1048 4374 1158 4441 tribuit
