<?xml version="1.0" encoding="UTF-8"?>
<!DOCTYPE html PUBLIC "-//W3C//DTD XHTML 1.0 Transitional//EN"
    "http://www.w3.org/TR/xhtml1/DTD/xhtml1-transitional.dtd">
<html xmlns="http://www.w3.org/1999/xhtml" xml:lang="en" lang="en">
 <head>
  <title>
</title>
<meta http-equiv="Content-Type" content="text/html;charset=utf-8" />
  <meta name='ocr-system' content='tesseract 3.04.00' />
  <meta name='ocr-capabilities' content='ocr_page ocr_carea ocr_par ocr_line ocrx_word'/>
</head>
<body>
  <div class='ocr_page' id='page_1' title='image "./ulrichiabhutten00mngoog_0375.png"; bbox 0 0 2618 5108; ppageno 0'>
   <div class='ocr_carea' id='block_1_1' title="bbox 162 71 702 282">
    <p class='ocr_par' dir='ltr' id='par_1_1' title="bbox 149 71 702 284">
     <span class='ocr_line' id='line_1_1' title="bbox 162 71 702 282; baseline -0.018 1.765"><span class='ocrx_word' id='word_1_1' title='bbox 162 71 642 282; x_wconf 53' lang='grc' dir='ltr'>-ν-οϋ-ω--ο--Ι</span> <span class='ocrx_word' id='word_1_2' title='bbox 683 244 702 256; x_wconf 71' lang='grc'>’</span> 
     </span>
    </p>
   </div>
   <div class='ocr_carea' id='block_1_2' title="bbox 488 764 1137 868">
    <p class='ocr_par' dir='ltr' id='par_1_2' title="bbox 488 764 1137 868">
     <span class='ocr_line' id='line_1_2' title="bbox 488 764 1137 868; baseline 0.017 -24"><span class='ocrx_word' id='word_1_3' title='bbox 488 764 752 868; x_wconf 71' lang='lat' dir='ltr'>Expostuiatm.</span> <span class='ocrx_word' id='word_1_4' title='bbox 1060 773 1137 856; x_wconf 69' lang='lat' dir='ltr'>db?</span> 
     </span>
    </p>
   </div>
   <div class='ocr_carea' id='block_1_3' title="bbox 114 956 1138 1053">
    <p class='ocr_par' dir='ltr' id='par_1_3' title="bbox 114 956 1138 1053">
     <span class='ocr_line' id='line_1_3' title="bbox 114 956 1138 1053; baseline 0.012 -32"><span class='ocrx_word' id='word_1_5' title='bbox 114 956 239 1021; x_wconf 86' lang='lat' dir='ltr'>rimnm.</span> <span class='ocrx_word' id='word_1_6' title='bbox 288 959 353 1022; x_wconf 86' lang='lat' dir='ltr'>Sed</span> <span class='ocrx_word' id='word_1_7' title='bbox 381 963 531 1023; x_wconf 80' lang='lat' dir='ltr'>erutheo</span> <span class='ocrx_word' id='word_1_8' title='bbox 552 962 647 1026; x_wconf 83' lang='lat' dir='ltr'>animi</span> <span class='ocrx_word' id='word_1_9' title='bbox 670 965 716 1027; x_wconf 87' lang='lat' dir='ltr'>tui</span> <span class='ocrx_word' id='word_1_10' title='bbox 733 966 941 1044; x_wconf 80' lang='lat' dir='ltr'>imbeciiiitas,</span> <span class='ocrx_word' id='word_1_11' title='bbox 969 990 1040 1053; x_wconf 81' lang='lat' dir='ltr'>que</span> <span class='ocrx_word' id='word_1_12' title='bbox 1059 980 1138 1033; x_wconf 80' lang='lat' dir='ltr'>cort·</span> 
     </span>
    </p>
   </div>
   <div class='ocr_carea' id='block_1_4' title="bbox 18 1062 1138 1151">
    <p class='ocr_par' dir='ltr' id='par_1_4' title="bbox 18 1062 1138 1151">
     <span class='ocr_line' id='line_1_4' title="bbox 18 1062 1138 1151; baseline 0.01 -31"><span class='ocrx_word' id='word_1_13' title='bbox 18 1128 22 1135; x_wconf 44' lang='grc'><strong>,</strong></span> <span class='ocrx_word' id='word_1_14' title='bbox 111 1069 247 1121; x_wconf 81' lang='lat' dir='ltr'>stantem</span> <span class='ocrx_word' id='word_1_15' title='bbox 261 1078 417 1122; x_wconf 83' lang='lat' dir='ltr'>essenon</span> <span class='ocrx_word' id='word_1_16' title='bbox 436 1062 568 1124; x_wconf 86' lang='lat' dir='ltr'>sinebat.</span> <span class='ocrx_word' id='word_1_17' title='bbox 604 1063 715 1146; x_wconf 78' lang='lat' dir='ltr'>ltaque</span> <span class='ocrx_word' id='word_1_18' title='bbox 734 1077 899 1151; x_wconf 84' lang='lat' dir='ltr'>utcunque</span> <span class='ocrx_word' id='word_1_19' title='bbox 917 1069 1062 1131; x_wconf 78' lang='lat' dir='ltr'>[erebant</span> <span class='ocrx_word' id='word_1_20' title='bbox 1080 1071 1138 1131; x_wconf 91' lang='lat' dir='ltr'>ho-</span> 
     </span>
    </p>
   </div>
   <div class='ocr_carea' id='block_1_5' title="bbox 113 1157 1139 1549">
    <p class='ocr_par' dir='ltr' id='par_1_5' title="bbox 113 1157 1139 1549">
     <span class='ocr_line' id='line_1_5' title="bbox 113 1157 1137 1249; baseline 0.009 -28"><span class='ocrx_word' id='word_1_21' title='bbox 113 1157 235 1232; x_wconf 85' lang='lat' dir='ltr'>mines,</span> <span class='ocrx_word' id='word_1_22' title='bbox 275 1158 378 1221; x_wconf 85' lang='lat' dir='ltr'>statim</span> <span class='ocrx_word' id='word_1_23' title='bbox 413 1159 563 1225; x_wconf 67' lang='lat' dir='ltr'>inustam</span> <span class='ocrx_word' id='word_1_24' title='bbox 600 1183 753 1226; x_wconf 85' lang='lat' dir='ltr'>exercere</span> <span class='ocrx_word' id='word_1_25' title='bbox 781 1189 948 1249; x_wconf 77' lang='lat' dir='ltr'>aggressus</span> <span class='ocrx_word' id='word_1_26' title='bbox 977 1188 1023 1231; x_wconf 89' lang='lat' dir='ltr'>cs.</span> <span class='ocrx_word' id='word_1_27' title='bbox 1053 1169 1137 1232; x_wconf 74' lang='grc' dir='ltr'>Ι111ὶί</span> 
     </span>
     <span class='ocr_line' id='line_1_6' title="bbox 113 1257 1137 1348; baseline 0.011 -29"><span class='ocrx_word' id='word_1_28' title='bbox 113 1257 205 1320; x_wconf 80' lang='lat' dir='ltr'>amici</span> <span class='ocrx_word' id='word_1_29' title='bbox 228 1278 333 1337; x_wconf 80' lang='lat' dir='ltr'>nuper</span> <span class='ocrx_word' id='word_1_30' title='bbox 357 1272 460 1321; x_wconf 83' lang='lat' dir='ltr'>morte</span> <span class='ocrx_word' id='word_1_31' title='bbox 486 1262 578 1325; x_wconf 88' lang='lat' dir='ltr'>nobis</span> <span class='ocrx_word' id='word_1_32' title='bbox 605 1265 742 1345; x_wconf 80' lang='lat' dir='ltr'>adempti</span> <span class='ocrx_word' id='word_1_33' title='bbox 762 1267 980 1330; x_wconf 76' lang='lat' dir='ltr'>defensionem</span> <span class='ocrx_word' id='word_1_34' title='bbox 1007 1277 1137 1348; x_wconf 85' lang='lat' dir='ltr'>preter·</span> 
     </span>
     <span class='ocr_line' id='line_1_7' title="bbox 117 1364 1139 1450; baseline 0.003 -22"><span class='ocrx_word' id='word_1_35' title='bbox 117 1367 243 1428; x_wconf 85' lang='lat' dir='ltr'>mittere</span> <span class='ocrx_word' id='word_1_36' title='bbox 274 1365 358 1428; x_wconf 85' lang='lat' dir='ltr'>haud</span> <span class='ocrx_word' id='word_1_37' title='bbox 388 1389 547 1448; x_wconf 80' lang='lat' dir='ltr'>quaquam</span> <span class='ocrx_word' id='word_1_38' title='bbox 584 1390 730 1450; x_wconf 88' lang='lat' dir='ltr'>possum,</span> <span class='ocrx_word' id='word_1_39' title='bbox 762 1369 933 1448; x_wconf 72' lang='lat' dir='ltr'>pracsertim</span> <span class='ocrx_word' id='word_1_40' title='bbox 962 1364 1139 1449; x_wconf 82' lang='lat' dir='ltr'>ignominia</span> 
     </span>
     <span class='ocr_line' id='line_1_8' title="bbox 117 1466 1139 1549; baseline 0.006 -23"><span class='ocrx_word' id='word_1_41' title='bbox 117 1482 250 1548; x_wconf 80' lang='lat' dir='ltr'>quoque</span> <span class='ocrx_word' id='word_1_42' title='bbox 277 1477 309 1526; x_wconf 85' lang='lat' dir='ltr'>et</span> <span class='ocrx_word' id='word_1_43' title='bbox 340 1468 499 1539; x_wconf 79' lang='lat' dir='ltr'>dedecore</span> <span class='ocrx_word' id='word_1_44' title='bbox 529 1471 688 1531; x_wconf 76' lang='lat' dir='ltr'>insontem</span> <span class='ocrx_word' id='word_1_45' title='bbox 715 1489 786 1530; x_wconf 91' lang='lat' dir='ltr'>cum</span> <span class='ocrx_word' id='word_1_46' title='bbox 818 1466 1002 1549; x_wconf 78' lang='lat' dir='ltr'>perfundas.</span> <span class='ocrx_word' id='word_1_47' title='bbox 1040 1468 1070 1528; x_wconf 80' lang='lat' dir='ltr'>Is</span> <span class='ocrx_word' id='word_1_48' title='bbox 1090 1482 1139 1534; x_wconf 71' lang='lat' dir='ltr'>est</span> 
     </span>
    </p>
   </div>
   <div class='ocr_carea' id='block_1_6' title="bbox 121 1564 1251 1644">
    <p class='ocr_par' dir='ltr' id='par_1_6' title="bbox 121 1564 1251 1644">
     <span class='ocr_line' id='line_1_9' title="bbox 121 1564 1251 1644; baseline 0.004 -17"><span class='ocrx_word' id='word_1_49' title='bbox 121 1564 284 1644; x_wconf 82' lang='lat' dir='ltr'>Ca&#39;pnion,</span> <span class='ocrx_word' id='word_1_50' title='bbox 305 1566 371 1642; x_wconf 70' lang='lat' dir='ltr'>air,</span> <span class='ocrx_word' id='word_1_51' title='bbox 394 1588 466 1630; x_wconf 89' lang='lat' dir='ltr'>cum</span> <span class='ocrx_word' id='word_1_52' title='bbox 485 1569 625 1644; x_wconf 74' lang='lat' dir='ltr'>viveret,</span> <span class='ocrx_word' id='word_1_53' title='bbox 644 1582 675 1631; x_wconf 92' lang='lat' dir='ltr'>et</span> <span class='ocrx_word' id='word_1_54' title='bbox 694 1568 874 1632; x_wconf 84' lang='lat' dir='ltr'>eruditione</span> <span class='ocrx_word' id='word_1_55' title='bbox 894 1571 1012 1644; x_wconf 87' lang='lat' dir='ltr'>clarus,</span> <span class='ocrx_word' id='word_1_56' title='bbox 1038 1581 1070 1631; x_wconf 88' lang='lat' dir='ltr'>et</span> <span class='ocrx_word' id='word_1_57' title='bbox 1089 1570 1138 1632; x_wconf 90' lang='lat' dir='ltr'>in·</span> <span class='ocrx_word' id='word_1_58' title='bbox 1248 1576 1251 1581; x_wconf 87' lang='grc'><strong>’</strong></span> 
     </span>
    </p>
   </div>
   <div class='ocr_carea' id='block_1_7' title="bbox 43 1665 1213 4457">
    <p class='ocr_par' dir='ltr' id='par_1_7' title="bbox 111 1665 1178 1950">
     <span class='ocr_line' id='line_1_10' title="bbox 111 1665 1137 1748; baseline 0.005 -21"><span class='ocrx_word' id='word_1_59' title='bbox 111 1665 268 1727; x_wconf 71' lang='lat' dir='ltr'><strong>nocentiae</strong></span> <span class='ocrx_word' id='word_1_60' title='bbox 287 1668 354 1727; x_wconf 86' lang='lat' dir='ltr'>t&#39;ota</span> <span class='ocrx_word' id='word_1_61' title='bbox 374 1668 437 1728; x_wconf 84' lang='lat' dir='ltr'>vita</span> <span class='ocrx_word' id='word_1_62' title='bbox 456 1669 653 1731; x_wconf 69' lang='lat' dir='ltr'>admirandae.</span> <span class='ocrx_word' id='word_1_63' title='bbox 691 1671 753 1732; x_wconf 87' lang='lat' dir='ltr'>Sed</span> <span class='ocrx_word' id='word_1_64' title='bbox 774 1672 838 1731; x_wconf 74' lang='lat' dir='ltr'>bec</span> <span class='ocrx_word' id='word_1_65' title='bbox 856 1672 899 1743; x_wconf 83' lang='lat' dir='ltr'>ita</span> <span class='ocrx_word' id='word_1_66' title='bbox 915 1669 950 1730; x_wconf 92' lang='lat' dir='ltr'>in</span> <span class='ocrx_word' id='word_1_67' title='bbox 967 1669 1020 1731; x_wconf 86' lang='lat' dir='ltr'>itto</span> <span class='ocrx_word' id='word_1_68' title='bbox 1036 1676 1137 1748; x_wconf 86' lang='lat' dir='ltr'>erant,</span> 
     </span>
     <span class='ocr_line' id='line_1_11' title="bbox 112 1767 1136 1853; baseline 0.006 -25"><span class='ocrx_word' id='word_1_69' title='bbox 112 1778 148 1828; x_wconf 87' lang='lat' dir='ltr'>ut</span> <span class='ocrx_word' id='word_1_70' title='bbox 167 1767 208 1828; x_wconf 80' lang='lat' dir='ltr'>ab</span> <span class='ocrx_word' id='word_1_71' title='bbox 229 1767 295 1827; x_wconf 83' lang='lat' dir='ltr'>aiiis</span> <span class='ocrx_word' id='word_1_72' title='bbox 314 1767 530 1830; x_wconf 79' lang='lat' dir='ltr'>tribuerentur</span> <span class='ocrx_word' id='word_1_73' title='bbox 548 1772 667 1849; x_wconf 76' lang='lat' dir='ltr'>magis,</span> <span class='ocrx_word' id='word_1_74' title='bbox 703 1791 797 1853; x_wconf 90' lang='lat' dir='ltr'>quam</span> <span class='ocrx_word' id='word_1_75' title='bbox 824 1768 863 1830; x_wconf 82' lang='lat' dir='ltr'>ab</span> <span class='ocrx_word' id='word_1_76' title='bbox 889 1769 960 1851; x_wconf 90' lang='lat' dir='ltr'>ipso</span> <span class='ocrx_word' id='word_1_77' title='bbox 982 1790 1136 1853; x_wconf 77' lang='lat' dir='ltr'>agnosce-</span> 
     </span>
     <span class='ocr_line' id='line_1_12' title="bbox 111 1869 1178 1950; baseline -0.003 -18"><span class='ocrx_word' id='word_1_78' title='bbox 111 1880 235 1932; x_wconf 89' lang='lat' dir='ltr'>rentur.</span> <span class='ocrx_word' id='word_1_79' title='bbox 273 1869 410 1945; x_wconf 87' lang='lat' dir='ltr'>Nescio,</span> <span class='ocrx_word' id='word_1_80' title='bbox 432 1890 471 1930; x_wconf 83' lang='lat' dir='ltr'>an</span> <span class='ocrx_word' id='word_1_81' title='bbox 491 1871 548 1932; x_wconf 92' lang='lat' dir='ltr'>tibi</span> <span class='ocrx_word' id='word_1_82' title='bbox 570 1873 655 1932; x_wconf 82' lang='lat' dir='ltr'>visus</span> <span class='ocrx_word' id='word_1_83' title='bbox 675 1870 714 1932; x_wconf 88' lang='lat' dir='ltr'>sit</span> <span class='ocrx_word' id='word_1_84' title='bbox 732 1871 864 1932; x_wconf 88' lang='lat' dir='ltr'>nimium</span> <span class='ocrx_word' id='word_1_85' title='bbox 883 1871 923 1931; x_wconf 86' lang='lat' dir='ltr'>ab</span> <span class='ocrx_word' id='word_1_86' title='bbox 944 1872 1136 1950; x_wconf 84' lang='lat' dir='ltr'>amiciseoii,</span> <span class='ocrx_word' id='word_1_87' title='bbox 1175 1925 1178 1929; x_wconf 87' lang='lat'><em>.</em></span> 
     </span>
    </p>

    <p class='ocr_par' dir='ltr' id='par_1_8' title="bbox 43 1952 1137 2151">
     <span class='ocr_line' id='line_1_13' title="bbox 43 1952 1136 2053; baseline 0.005 -23"><span class='ocrx_word' id='word_1_88' title='bbox 43 1952 46 1959; x_wconf 42' lang='lat'><em>¹</em></span> <span class='ocrx_word' id='word_1_89' title='bbox 111 1981 199 2030; x_wconf 87' lang='lat' dir='ltr'>certe</span> <span class='ocrx_word' id='word_1_90' title='bbox 220 1968 390 2030; x_wconf 84' lang='lat' dir='ltr'>insectatus</span> <span class='ocrx_word' id='word_1_91' title='bbox 418 1990 469 2045; x_wconf 85' lang='lat' dir='ltr'>es,</span> <span class='ocrx_word' id='word_1_92' title='bbox 500 1990 571 2031; x_wconf 89' lang='lat' dir='ltr'>cum</span> <span class='ocrx_word' id='word_1_93' title='bbox 602 1981 633 2032; x_wconf 89' lang='lat' dir='ltr'>te</span> <span class='ocrx_word' id='word_1_94' title='bbox 659 1971 727 2051; x_wconf 90' lang='lat' dir='ltr'>ipse</span> <span class='ocrx_word' id='word_1_95' title='bbox 753 1983 869 2032; x_wconf 87' lang='lat' dir='ltr'>amaret</span> <span class='ocrx_word' id='word_1_96' title='bbox 898 1972 1136 2053; x_wconf 76' lang='lat' dir='ltr'>impensissime.</span> 
     </span>
     <span class='ocr_line' id='line_1_14' title="bbox 112 2069 1137 2151; baseline 0.004 -20"><span class='ocrx_word' id='word_1_97' title='bbox 112 2072 157 2132; x_wconf 86' lang='lat' dir='ltr'>Et</span> <span class='ocrx_word' id='word_1_98' title='bbox 175 2069 314 2150; x_wconf 88' lang='lat' dir='ltr'>primum</span> <span class='ocrx_word' id='word_1_99' title='bbox 334 2069 463 2151; x_wconf 86' lang='lat' dir='ltr'>quidem</span> <span class='ocrx_word' id='word_1_100' title='bbox 490 2072 551 2132; x_wconf 88' lang='lat' dir='ltr'>hoe</span> <span class='ocrx_word' id='word_1_101' title='bbox 579 2072 683 2132; x_wconf 75' lang='lat' dir='ltr'>fecisti</span> <span class='ocrx_word' id='word_1_102' title='bbox 703 2070 833 2148; x_wconf 82' lang='lat' dir='ltr'>ieviter,</span> <span class='ocrx_word' id='word_1_103' title='bbox 853 2073 910 2135; x_wconf 89' lang='lat' dir='ltr'>sed</span> <span class='ocrx_word' id='word_1_104' title='bbox 929 2082 1050 2147; x_wconf 84' lang='lat' dir='ltr'>tamen,</span> <span class='ocrx_word' id='word_1_105' title='bbox 1080 2073 1137 2135; x_wconf 82' lang='lat' dir='ltr'>ubi</span> 
     </span>
    </p>

    <p class='ocr_par' dir='ltr' id='par_1_9' title="bbox 110 2156 1137 2256">
     <span class='ocr_line' id='line_1_15' title="bbox 110 2156 1137 2256; baseline 0.004 -23"><span class='ocrx_word' id='word_1_106' title='bbox 110 2190 222 2254; x_wconf 79' lang='lat' dir='ltr'>neqtre</span> <span class='ocrx_word' id='word_1_107' title='bbox 240 2170 373 2231; x_wconf 84' lang='lat' dir='ltr'>decebat</span> <span class='ocrx_word' id='word_1_108' title='bbox 391 2181 439 2245; x_wconf 88' lang='lat' dir='ltr'>te,</span> <span class='ocrx_word' id='word_1_109' title='bbox 472 2191 578 2253; x_wconf 84' lang='lat' dir='ltr'>neque</span> <span class='ocrx_word' id='word_1_110' title='bbox 597 2192 648 2233; x_wconf 92' lang='lat' dir='ltr'>res</span> <span class='ocrx_word' id='word_1_111' title='bbox 669 2171 803 2233; x_wconf 81' lang='lat' dir='ltr'>serebat.</span> <span class='ocrx_word' id='word_1_112' title='bbox 843 2174 922 2234; x_wconf 89' lang='lat' dir='ltr'>Nam</span> <span class='ocrx_word' id='word_1_113' title='bbox 943 2156 1021 2256; x_wconf 65' lang='lat' dir='ltr'>quis&#39;</span> <span class='ocrx_word' id='word_1_114' title='bbox 1035 2170 1137 2236; x_wconf 86' lang='lat' dir='ltr'>omni·</span> 
     </span>
    </p>

    <p class='ocr_par' dir='ltr' id='par_1_10' title="bbox 110 2269 1138 2353">
     <span class='ocr_line' id='line_1_16' title="bbox 110 2269 1138 2353; baseline 0.003 -20"><span class='ocrx_word' id='word_1_115' title='bbox 110 2292 186 2347; x_wconf 89' lang='lat' dir='ltr'>um,</span> <span class='ocrx_word' id='word_1_116' title='bbox 220 2269 276 2353; x_wconf 83' lang='lat' dir='ltr'>qui</span> <span class='ocrx_word' id='word_1_117' title='bbox 294 2289 380 2331; x_wconf 88' lang='lat' dir='ltr'>nunc</span> <span class='ocrx_word' id='word_1_118' title='bbox 399 2270 528 2344; x_wconf 80' lang='lat' dir='ltr'>vivunt,</span> <span class='ocrx_word' id='word_1_119' title='bbox 549 2283 580 2332; x_wconf 93' lang='lat' dir='ltr'>et</span> <span class='ocrx_word' id='word_1_120' title='bbox 598 2272 756 2334; x_wconf 76' lang='lat' dir='ltr'>Hebraico</span> <span class='ocrx_word' id='word_1_121' title='bbox 779 2272 898 2348; x_wconf 85' lang='lat' dir='ltr'>sciunt,</span> <span class='ocrx_word' id='word_1_122' title='bbox 917 2272 1087 2336; x_wconf 83' lang='lat' dir='ltr'>ferendum</span> <span class='ocrx_word' id='word_1_123' title='bbox 1103 2278 1138 2336; x_wconf 73' lang='lat' dir='ltr'>te</span> 
     </span>
    </p>

    <p class='ocr_par' dir='ltr' id='par_1_11' title="bbox 105 2370 1213 2554">
     <span class='ocr_line' id='line_1_17' title="bbox 105 2370 1138 2458; baseline 0.002 -25"><span class='ocrx_word' id='word_1_124' title='bbox 105 2378 236 2447; x_wconf 83' lang='lat' dir='ltr'>·ce‘uset,</span> <span class='ocrx_word' id='word_1_125' title='bbox 256 2391 328 2431; x_wconf 89' lang='lat' dir='ltr'>eum</span> <span class='ocrx_word' id='word_1_126' title='bbox 348 2370 524 2431; x_wconf 73' lang='lat' dir='ltr'>minuendae</span> <span class='ocrx_word' id='word_1_127' title='bbox 544 2370 606 2433; x_wconf 85' lang='lat' dir='ltr'>viri</span> <span class='ocrx_word' id='word_1_128' title='bbox 627 2371 851 2452; x_wconf 76' lang='lat' dir='ltr'>magnitudinis</span> <span class='ocrx_word' id='word_1_129' title='bbox 872 2377 955 2458; x_wconf 76' lang='lat' dir='ltr'>(que</span> <span class='ocrx_word' id='word_1_130' title='bbox 967 2384 999 2436; x_wconf 89' lang='lat' dir='ltr'>te</span> <span class='ocrx_word' id='word_1_131' title='bbox 1011 2375 1138 2452; x_wconf 82' lang='lat' dir='ltr'>urebat)</span> 
     </span>
     <span class='ocr_line' id='line_1_18' title="bbox 109 2471 1213 2554; baseline 0.004 -21"><span class='ocrx_word' id='word_1_132' title='bbox 109 2493 221 2544; x_wconf 84' lang='lat' dir='ltr'>eausa,</span> <span class='ocrx_word' id='word_1_133' title='bbox 257 2471 391 2554; x_wconf 80' lang='lat' dir='ltr'>quadam</span> <span class='ocrx_word' id='word_1_134' title='bbox 419 2471 451 2532; x_wconf 88' lang='lat' dir='ltr'>in</span> <span class='ocrx_word' id='word_1_135' title='bbox 471 2471 618 2551; x_wconf 84' lang='lat' dir='ltr'>epistota,</span> <span class='ocrx_word' id='word_1_136' title='bbox 639 2475 769 2553; x_wconf 74' lang='lat' dir='ltr'>prefers</span> <span class='ocrx_word' id='word_1_137' title='bbox 790 2474 1017 2538; x_wconf 84' lang='lat' dir='ltr'>Hebraicarum</span> <span class='ocrx_word' id='word_1_138' title='bbox 1036 2475 1138 2537; x_wconf 86' lang='lat' dir='ltr'>scien·</span> <span class='ocrx_word' id='word_1_139' title='bbox 1211 2543 1213 2546; x_wconf 60' lang='grc'><strong>,</strong></span> 
     </span>
    </p>

    <p class='ocr_par' dir='ltr' id='par_1_12' title="bbox 109 2569 1138 2655">
     <span class='ocr_line' id='line_1_19' title="bbox 109 2569 1138 2655; baseline 0.002 -19"><span class='ocrx_word' id='word_1_140' title='bbox 109 2573 155 2636; x_wconf 79' lang='lat' dir='ltr'>tia</span> <span class='ocrx_word' id='word_1_141' title='bbox 182 2573 344 2633; x_wconf 82' lang='lat' dir='ltr'>literarum</span> <span class='ocrx_word' id='word_1_142' title='bbox 371 2569 560 2650; x_wconf 82' lang='lat' dir='ltr'>Capitonem</span> <span class='ocrx_word' id='word_1_143' title='bbox 591 2573 652 2648; x_wconf 84' lang='lat' dir='ltr'>itti,</span> <span class='ocrx_word' id='word_1_144' title='bbox 685 2575 740 2635; x_wconf 87' lang='lat' dir='ltr'>vix</span> <span class='ocrx_word' id='word_1_145' title='bbox 768 2575 867 2655; x_wconf 83' lang='lat' dir='ltr'>prima</span> <span class='ocrx_word' id='word_1_146' title='bbox 888 2575 933 2637; x_wconf 94' lang='lat' dir='ltr'>ibi</span> <span class='ocrx_word' id='word_1_147' title='bbox 960 2576 1138 2638; x_wconf 72' lang='lat' dir='ltr'>rudimenta</span> 
     </span>
    </p>

    <p class='ocr_par' dir='ltr' id='par_1_13' title="bbox 108 2673 1138 2757">
     <span class='ocr_line' id='line_1_20' title="bbox 108 2673 1138 2757; baseline 0.003 -22"><span class='ocrx_word' id='word_1_148' title='bbox 108 2675 255 2757; x_wconf 87' lang='lat' dir='ltr'>paulum,</span> <span class='ocrx_word' id='word_1_149' title='bbox 288 2684 332 2733; x_wconf 88' lang='lat' dir='ltr'>ut</span> <span class='ocrx_word' id='word_1_150' title='bbox 352 2692 459 2733; x_wconf 88' lang='lat' dir='ltr'>omnes</span> <span class='ocrx_word' id='word_1_151' title='bbox 487 2673 605 2749; x_wconf 82' lang='lat' dir='ltr'>sciunt,</span> <span class='ocrx_word' id='word_1_152' title='bbox 639 2675 903 2754; x_wconf 77' lang='lat' dir='ltr'>supergressum?</span> <span class='ocrx_word' id='word_1_153' title='bbox 939 2677 1138 2757; x_wconf 79' lang='lat' dir='ltr'>eramquaib</span> 
     </span>
    </p>

    <p class='ocr_par' dir='ltr' id='par_1_14' title="bbox 112 2768 1138 2855">
     <span class='ocr_line' id='line_1_21' title="bbox 112 2768 1138 2855; baseline -0.002 -17"><span class='ocrx_word' id='word_1_154' title='bbox 112 2777 248 2838; x_wconf 78' lang='lat' dir='ltr'>aliorum</span> <span class='ocrx_word' id='word_1_155' title='bbox 285 2775 425 2835; x_wconf 90' lang='lat' dir='ltr'>omnium</span> <span class='ocrx_word' id='word_1_156' title='bbox 465 2774 563 2835; x_wconf 81' lang='lat' dir='ltr'>instar</span> <span class='ocrx_word' id='word_1_157' title='bbox 599 2774 682 2855; x_wconf 87' lang='lat' dir='ltr'>apud</span> <span class='ocrx_word' id='word_1_158' title='bbox 712 2775 872 2836; x_wconf 84' lang='lat' dir='ltr'>studiosos</span> <span class='ocrx_word' id='word_1_159' title='bbox 907 2792 977 2836; x_wconf 85' lang='lat' dir='ltr'>esse</span> <span class='ocrx_word' id='word_1_160' title='bbox 1012 2768 1138 2855; x_wconf 69' lang='lat' dir='ltr'>poterut</span> 
     </span>
    </p>

    <p class='ocr_par' dir='ltr' id='par_1_15' title="bbox 112 2874 1144 2955">
     <span class='ocr_line' id='line_1_22' title="bbox 112 2874 1144 2955; baseline 0.001 -17"><span class='ocrx_word' id='word_1_161' title='bbox 112 2877 237 2951; x_wconf 77' lang='lat' dir='ltr'>Erasini</span> <span class='ocrx_word' id='word_1_162' title='bbox 257 2874 426 2955; x_wconf 81' lang='lat' dir='ltr'>judicium,</span> <span class='ocrx_word' id='word_1_163' title='bbox 461 2875 522 2938; x_wconf 87' lang='lat' dir='ltr'>nisi</span> <span class='ocrx_word' id='word_1_164' title='bbox 550 2876 714 2937; x_wconf 86' lang='lat' dir='ltr'>consessus</span> <span class='ocrx_word' id='word_1_165' title='bbox 742 2874 812 2954; x_wconf 89' lang='lat' dir='ltr'>ipse</span> <span class='ocrx_word' id='word_1_166' title='bbox 831 2892 916 2936; x_wconf 86' lang='lat' dir='ltr'>esses</span> <span class='ocrx_word' id='word_1_167' title='bbox 936 2876 1032 2954; x_wconf 86' lang='lat' dir='ltr'>paulo</span> <span class='ocrx_word' id='word_1_168' title='bbox 1051 2882 1144 2949; x_wconf 72' lang='lat' dir='ltr'>ante,</span> 
     </span>
    </p>

    <p class='ocr_par' dir='ltr' id='par_1_16' title="bbox 86 2972 1138 3159">
     <span class='ocr_line' id='line_1_23' title="bbox 86 2972 1136 3059; baseline -0.001 -20"><span class='ocrx_word' id='word_1_169' title='bbox 86 2972 270 3039; x_wconf 76' lang='lat' dir='ltr'>‘Hebraiea</span> <span class='ocrx_word' id='word_1_170' title='bbox 289 2975 350 3055; x_wconf 76' lang='lat' dir='ltr'>jam</span> <span class='ocrx_word' id='word_1_171' title='bbox 370 2986 435 3036; x_wconf 90' lang='lat' dir='ltr'>tum</span> <span class='ocrx_word' id='word_1_172' title='bbox 455 2976 577 3038; x_wconf 86' lang='lat' dir='ltr'>discere</span> <span class='ocrx_word' id='word_1_173' title='bbox 596 2989 638 3038; x_wconf 89' lang='lat' dir='ltr'>te.</span> <span class='ocrx_word' id='word_1_174' title='bbox 675 2978 790 3059; x_wconf 86' lang='lat' dir='ltr'>Neque</span> <span class='ocrx_word' id='word_1_175' title='bbox 810 2978 872 3037; x_wconf 84' lang='lat' dir='ltr'>hoo</span> <span class='ocrx_word' id='word_1_176' title='bbox 891 2996 954 3055; x_wconf 82' lang='lat' dir='ltr'>ego</span> <span class='ocrx_word' id='word_1_177' title='bbox 974 2975 1068 3037; x_wconf 85' lang='lat' dir='ltr'>velim</span> <span class='ocrx_word' id='word_1_178' title='bbox 1088 2975 1136 3038; x_wconf 81' lang='lat' dir='ltr'>sio</span> 
     </span>
     <span class='ocr_line' id='line_1_24' title="bbox 113 3075 1138 3159; baseline 0.002 -21"><span class='ocrx_word' id='word_1_179' title='bbox 113 3077 235 3158; x_wconf 83' lang='lat' dir='ltr'>accipi,</span> <span class='ocrx_word' id='word_1_180' title='bbox 254 3076 343 3158; x_wconf 82' lang='lat' dir='ltr'>quasi</span> <span class='ocrx_word' id='word_1_181' title='bbox 363 3077 418 3157; x_wconf 80' lang='lat' dir='ltr'>qui</span> <span class='ocrx_word' id='word_1_182' title='bbox 438 3077 603 3139; x_wconf 82' lang='lat' dir='ltr'>detrahere</span> <span class='ocrx_word' id='word_1_183' title='bbox 623 3075 772 3155; x_wconf 80' lang='lat' dir='ltr'>Capitoni</span> <span class='ocrx_word' id='word_1_184' title='bbox 793 3078 951 3152; x_wconf 84' lang='lat' dir='ltr'>studeam,</span> <span class='ocrx_word' id='word_1_185' title='bbox 983 3075 1040 3159; x_wconf 83' lang='lat' dir='ltr'>qui</span> <span class='ocrx_word' id='word_1_186' title='bbox 1058 3076 1138 3140; x_wconf 85' lang='lat' dir='ltr'>&#39;mibi</span> 
     </span>
    </p>

    <p class='ocr_par' dir='ltr' id='par_1_17' title="bbox 109 3168 1135 3261">
     <span class='ocr_line' id='line_1_25' title="bbox 109 3168 1135 3261; baseline -0.001 -22"><span class='ocrx_word' id='word_1_187' title='bbox 109 3197 219 3261; x_wconf 80' lang='lat' dir='ltr'>neque</span> <span class='ocrx_word' id='word_1_188' title='bbox 240 3196 365 3237; x_wconf 81' lang='lat' dir='ltr'>carrsam</span> <span class='ocrx_word' id='word_1_189' title='bbox 385 3176 489 3250; x_wconf 92' lang='lat' dir='ltr'>dedit,</span> <span class='ocrx_word' id='word_1_190' title='bbox 511 3196 617 3258; x_wconf 86' lang='lat' dir='ltr'>neque</span> <span class='ocrx_word' id='word_1_191' title='bbox 637 3178 752 3240; x_wconf 83' lang='lat' dir='ltr'>babere</span> <span class='ocrx_word' id='word_1_192' title='bbox 772 3174 915 3253; x_wconf 84' lang='lat' dir='ltr'>videtur,</span> <span class='ocrx_word' id='word_1_193' title='bbox 937 3168 1135 3260; x_wconf 58' lang='lat' dir='ltr'>quod-mag-</span> 
     </span>
    </p>

    <p class='ocr_par' dir='ltr' id='par_1_18' title="bbox 107 3277 1136 3361">
     <span class='ocr_line' id='line_1_26' title="bbox 107 3277 1136 3361; baseline -0.003 -18"><span class='ocrx_word' id='word_1_194' title='bbox 107 3299 234 3360; x_wconf 85' lang='lat' dir='ltr'>nopere</span> <span class='ocrx_word' id='word_1_195' title='bbox 255 3279 326 3360; x_wconf 88' lang='lat' dir='ltr'>quis</span> <span class='ocrx_word' id='word_1_196' title='bbox 346 3277 496 3339; x_wconf 84' lang='lat' dir='ltr'>invideat.</span> <span class='ocrx_word' id='word_1_197' title='bbox 542 3279 592 3340; x_wconf 88' lang='lat' dir='ltr'>Te</span> <span class='ocrx_word' id='word_1_198' title='bbox 611 3278 731 3353; x_wconf 91' lang='lat' dir='ltr'>miror,</span> <span class='ocrx_word' id='word_1_199' title='bbox 763 3279 841 3361; x_wconf 79' lang='lat' dir='ltr'>&#39;rprid</span> <span class='ocrx_word' id='word_1_200' title='bbox 870 3277 1045 3358; x_wconf 82' lang='lat' dir='ltr'>impulerit,</span> <span class='ocrx_word' id='word_1_201' title='bbox 1070 3288 1136 3340; x_wconf 81' lang='lat' dir='ltr'>tam</span> 
     </span>
    </p>

    <p class='ocr_par' dir='ltr' id='par_1_19' title="bbox 111 3377 1135 3456">
     <span class='ocr_line' id='line_1_27' title="bbox 111 3377 1135 3456; baseline -0.002 -13"><span class='ocrx_word' id='word_1_202' title='bbox 111 3380 274 3443; x_wconf 77' lang='lat' dir='ltr'>invidiose</span> <span class='ocrx_word' id='word_1_203' title='bbox 298 3398 481 3456; x_wconf 86' lang='lat' dir='ltr'>comparare</span> <span class='ocrx_word' id='word_1_204' title='bbox 504 3377 589 3438; x_wconf 91' lang='lat' dir='ltr'>inter</span> <span class='ocrx_word' id='word_1_205' title='bbox 614 3399 649 3439; x_wconf 90' lang='lat' dir='ltr'>se</span> <span class='ocrx_word' id='word_1_206' title='bbox 676 3379 762 3441; x_wconf 81' lang='lat' dir='ltr'>viros</span> <span class='ocrx_word' id='word_1_207' title='bbox 791 3378 877 3441; x_wconf 91' lang='lat' dir='ltr'>orbis</span> <span class='ocrx_word' id='word_1_208' title='bbox 897 3390 1057 3440; x_wconf 78' lang='lat' dir='ltr'>consensu</span> <span class='ocrx_word' id='word_1_209' title='bbox 1077 3380 1135 3441; x_wconf 90' lang='lat' dir='ltr'>itti·</span> 
     </span>
    </p>

    <p class='ocr_par' dir='ltr' id='par_1_20' title="bbox 111 3477 1136 3566">
     <span class='ocr_line' id='line_1_28' title="bbox 111 3477 1136 3566; baseline -0.005 -21"><span class='ocrx_word' id='word_1_210' title='bbox 111 3481 305 3566; x_wconf 73' lang='lat' dir='ltr'>pttri&#39;ssimos.</span> <span class='ocrx_word' id='word_1_211' title='bbox 344 3481 440 3558; x_wconf 80' lang='lat' dir='ltr'>Quod</span> <span class='ocrx_word' id='word_1_212' title='bbox 461 3479 487 3539; x_wconf 86' lang='lat' dir='ltr'>si</span> <span class='ocrx_word' id='word_1_213' title='bbox 508 3479 534 3539; x_wconf 90' lang='lat' dir='ltr'>is</span> <span class='ocrx_word' id='word_1_214' title='bbox 554 3489 601 3538; x_wconf 87' lang='lat' dir='ltr'>est</span> <span class='ocrx_word' id='word_1_215' title='bbox 616 3477 747 3558; x_wconf 88' lang='lat' dir='ltr'>Capito,</span> <span class='ocrx_word' id='word_1_216' title='bbox 768 3480 824 3560; x_wconf 87' lang='lat' dir='ltr'>qui</span> <span class='ocrx_word' id='word_1_217' title='bbox 844 3498 916 3541; x_wconf 82' lang='lat' dir='ltr'>esse</span> <span class='ocrx_word' id='word_1_218' title='bbox 932 3477 1045 3552; x_wconf 82' lang='lat' dir='ltr'>debet,</span> <span class='ocrx_word' id='word_1_219' title='bbox 1065 3480 1136 3540; x_wconf 87' lang='lat' dir='ltr'>nui·</span> 
     </span>
    </p>

    <p class='ocr_par' dir='ltr' id='par_1_21' title="bbox 111 3579 1134 3663">
     <span class='ocr_line' id='line_1_29' title="bbox 111 3579 1134 3663; baseline -0.006 -17"><span class='ocrx_word' id='word_1_220' title='bbox 111 3584 172 3647; x_wconf 85' lang='lat' dir='ltr'>lius</span> <span class='ocrx_word' id='word_1_221' title='bbox 196 3582 298 3662; x_wconf 87' lang='lat' dir='ltr'>ipsum</span> <span class='ocrx_word' id='word_1_222' title='bbox 321 3581 445 3640; x_wconf 82' lang='lat' dir='ltr'>aliunde</span> <span class='ocrx_word' id='word_1_223' title='bbox 471 3579 685 3641; x_wconf 84' lang='lat' dir='ltr'>insectationis</span> <span class='ocrx_word' id='word_1_224' title='bbox 714 3590 850 3656; x_wconf 88' lang='lat' dir='ltr'>tantum,</span> <span class='ocrx_word' id='word_1_225' title='bbox 879 3591 1030 3663; x_wconf 84' lang='lat' dir='ltr'>quantum</span> <span class='ocrx_word' id='word_1_226' title='bbox 1049 3579 1134 3640; x_wconf 54' lang='lat' dir='ltr'>fais&amp;</span> 
     </span>
    </p>

    <p class='ocr_par' dir='ltr' id='par_1_22' title="bbox 112 3679 1165 3762">
     <span class='ocr_line' id='line_1_30' title="bbox 112 3679 1165 3762; baseline -0.009 -12"><span class='ocrx_word' id='word_1_227' title='bbox 112 3686 203 3751; x_wconf 86' lang='lat' dir='ltr'>istius</span> <span class='ocrx_word' id='word_1_228' title='bbox 230 3697 289 3745; x_wconf 76' lang='lat' dir='ltr'>turc</span> <span class='ocrx_word' id='word_1_229' title='bbox 319 3682 417 3743; x_wconf 87' lang='lat' dir='ltr'>laudis</span> <span class='ocrx_word' id='word_1_230' title='bbox 447 3680 600 3759; x_wconf 72' lang='lat' dir='ltr'>poenitere</span> <span class='ocrx_word' id='word_1_231' title='bbox 630 3680 735 3742; x_wconf 90' lang='lat' dir='ltr'>debet.</span> <span class='ocrx_word' id='word_1_232' title='bbox 781 3680 974 3762; x_wconf 85' lang='lat' dir='ltr'>Neque-ilie</span> <span class='ocrx_word' id='word_1_233' title='bbox 993 3691 1071 3759; x_wconf 93' lang='lat' dir='ltr'>puto</span> <span class='ocrx_word' id='word_1_234' title='bbox 1091 3679 1134 3741; x_wconf 77' lang='lat' dir='ltr'>iu</span> <span class='ocrx_word' id='word_1_235' title='bbox 1160 3724 1165 3733; x_wconf 80' lang='grc'><em>.</em></span> 
     </span>
    </p>

    <p class='ocr_par' dir='ltr' id='par_1_23' title="bbox 110 3779 1134 3867">
     <span class='ocr_line' id='line_1_31' title="bbox 110 3779 1134 3867; baseline -0.005 -21"><span class='ocrx_word' id='word_1_236' title='bbox 110 3784 241 3867; x_wconf 85' lang='lat' dir='ltr'>ignorat</span> <span class='ocrx_word' id='word_1_237' title='bbox 258 3782 476 3859; x_wconf 86' lang='lat' dir='ltr'>semetipsum,</span> <span class='ocrx_word' id='word_1_238' title='bbox 506 3792 625 3842; x_wconf 88' lang='lat' dir='ltr'>utnon</span> <span class='ocrx_word' id='word_1_239' title='bbox 655 3780 783 3856; x_wconf 83' lang='lat' dir='ltr'>sentiat,</span> <span class='ocrx_word' id='word_1_240' title='bbox 812 3792 931 3864; x_wconf 86' lang='lat' dir='ltr'>quanto</span> <span class='ocrx_word' id='word_1_241' title='bbox 957 3781 1017 3843; x_wconf 88' lang='lat' dir='ltr'>sibi</span> <span class='ocrx_word' id='word_1_242' title='bbox 1036 3779 1134 3841; x_wconf 84' lang='lat' dir='ltr'>inter·</span> 
     </span>
    </p>

    <p class='ocr_par' dir='ltr' id='par_1_24' title="bbox 110 3881 1132 3964">
     <span class='ocr_line' id='line_1_32' title="bbox 110 3881 1132 3964; baseline -0.004 -16"><span class='ocrx_word' id='word_1_243' title='bbox 110 3890 194 3949; x_wconf 77' lang='lat' dir='ltr'>valio</span> <span class='ocrx_word' id='word_1_244' title='bbox 214 3884 432 3964; x_wconf 87' lang='lat' dir='ltr'>suspiciendus</span> <span class='ocrx_word' id='word_1_245' title='bbox 456 3883 554 3944; x_wconf 82' lang='lat' dir='ltr'>suerit</span> <span class='ocrx_word' id='word_1_246' title='bbox 573 3883 623 3943; x_wconf 86' lang='lat' dir='ltr'>itte</span> <span class='ocrx_word' id='word_1_247' title='bbox 643 3882 710 3956; x_wconf 86' lang='lat' dir='ltr'>vir,</span> <span class='ocrx_word' id='word_1_248' title='bbox 730 3882 902 3964; x_wconf 86' lang='lat' dir='ltr'>praesertim</span> <span class='ocrx_word' id='word_1_249' title='bbox 921 3883 953 3942; x_wconf 88' lang='lat' dir='ltr'>in</span> <span class='ocrx_word' id='word_1_250' title='bbox 974 3902 1011 3943; x_wconf 82' lang='lat' dir='ltr'>ea</span> <span class='ocrx_word' id='word_1_251' title='bbox 1029 3881 1132 3945; x_wconf 80' lang='lat' dir='ltr'>scien·-</span> 
     </span>
    </p>

    <p class='ocr_par' dir='ltr' id='par_1_25' title="bbox 110 3980 1133 4071">
     <span class='ocr_line' id='line_1_33' title="bbox 110 3980 1133 4071; baseline -0.003 -24"><span class='ocrx_word' id='word_1_252' title='bbox 110 3990 168 4063; x_wconf 84' lang='lat' dir='ltr'>tia,</span> <span class='ocrx_word' id='word_1_253' title='bbox 192 4007 253 4071; x_wconf 83' lang='lat' dir='ltr'>qua</span> <span class='ocrx_word' id='word_1_254' title='bbox 273 4004 425 4066; x_wconf 85' lang='lat' dir='ltr'>superare</span> <span class='ocrx_word' id='word_1_255' title='bbox 445 4004 554 4044; x_wconf 85' lang='lat' dir='ltr'>omnes</span> <span class='ocrx_word' id='word_1_256' title='bbox 574 3987 781 4059; x_wconf 83' lang='lat' dir='ltr'>credebatur,</span> <span class='ocrx_word' id='word_1_257' title='bbox 810 3996 844 4044; x_wconf 86' lang='lat' dir='ltr'>ct</span> <span class='ocrx_word' id='word_1_258' title='bbox 875 4004 970 4066; x_wconf 88' lang='lat' dir='ltr'>quam</span> <span class='ocrx_word' id='word_1_259' title='bbox 998 4002 1065 4043; x_wconf 87' lang='lat' dir='ltr'>nou</span> <span class='ocrx_word' id='word_1_260' title='bbox 1091 3980 1133 4044; x_wconf 89' lang='lat' dir='ltr'>sit</span> 
     </span>
    </p>

    <p class='ocr_par' dir='ltr' id='par_1_26' title="bbox 113 4082 1132 4170">
     <span class='ocr_line' id='line_1_34' title="bbox 113 4082 1132 4170; baseline -0.006 -19"><span class='ocrx_word' id='word_1_261' title='bbox 113 4086 294 4170; x_wconf 83' lang='lat' dir='ltr'>accipienda</span> <span class='ocrx_word' id='word_1_262' title='bbox 325 4086 379 4146; x_wconf 87' lang='lat' dir='ltr'>abs</span> <span class='ocrx_word' id='word_1_263' title='bbox 408 4096 440 4145; x_wconf 85' lang='lat' dir='ltr'>te</span> <span class='ocrx_word' id='word_1_264' title='bbox 460 4106 496 4146; x_wconf 84' lang='lat' dir='ltr'>ea</span> <span class='ocrx_word' id='word_1_265' title='bbox 516 4082 714 4165; x_wconf 76' lang='lat' dir='ltr'>predicatio,</span> <span class='ocrx_word' id='word_1_266' title='bbox 745 4109 814 4170; x_wconf 80' lang='lat' dir='ltr'>quac</span> <span class='ocrx_word' id='word_1_267' title='bbox 834 4106 905 4146; x_wconf 88' lang='lat' dir='ltr'>cum</span> <span class='ocrx_word' id='word_1_268' title='bbox 927 4102 1043 4145; x_wconf 79' lang='lat' dir='ltr'>arero</span> <span class='ocrx_word' id='word_1_269' title='bbox 1062 4085 1132 4145; x_wconf 90' lang='lat' dir='ltr'>ion·</span> 
     </span>
    </p>

    <p class='ocr_par' dir='ltr' id='par_1_27' title="bbox 112 4182 1131 4272">
     <span class='ocr_line' id='line_1_35' title="bbox 112 4182 1131 4272; baseline -0.007 -21"><span class='ocrx_word' id='word_1_270' title='bbox 112 4191 239 4272; x_wconf 77' lang='lat' dir='ltr'>gissime</span> <span class='ocrx_word' id='word_1_271' title='bbox 266 4189 361 4262; x_wconf 82' lang='lat' dir='ltr'>absit,</span> <span class='ocrx_word' id='word_1_272' title='bbox 390 4209 454 4248; x_wconf 89' lang='lat' dir='ltr'>non</span> <span class='ocrx_word' id='word_1_273' title='bbox 481 4198 601 4249; x_wconf 84' lang='lat' dir='ltr'>tautum</span> <span class='ocrx_word' id='word_1_274' title='bbox 627 4189 751 4249; x_wconf 75' lang='lat' dir='ltr'>laudem</span> <span class='ocrx_word' id='word_1_275' title='bbox 776 4207 841 4248; x_wconf 90' lang='lat' dir='ltr'>non</span> <span class='ocrx_word' id='word_1_276' title='bbox 862 4183 992 4246; x_wconf 85' lang='lat' dir='ltr'>abstrnit</span> <span class='ocrx_word' id='word_1_277' title='bbox 1012 4182 1059 4257; x_wconf 89' lang='lat' dir='ltr'>ei,</span> <span class='ocrx_word' id='word_1_278' title='bbox 1079 4185 1131 4246; x_wconf 89' lang='lat' dir='ltr'>cui</span> 
     </span>
    </p>

    <p class='ocr_par' dir='ltr' id='par_1_28' title="bbox 110 4270 1129 4372">
     <span class='ocr_line' id='line_1_36' title="bbox 110 4270 1129 4372; baseline -0.012 -16"><span class='ocrx_word' id='word_1_279' title='bbox 110 4294 220 4368; x_wconf 85' lang='lat' dir='ltr'>datur,</span> <span class='ocrx_word' id='word_1_280' title='bbox 242 4292 297 4353; x_wconf 83' lang='lat' dir='ltr'>sed</span> <span class='ocrx_word' id='word_1_281' title='bbox 318 4290 434 4351; x_wconf 79' lang='lat' dir='ltr'>invidia</span> <span class='ocrx_word' id='word_1_282' title='bbox 456 4311 586 4372; x_wconf 82' lang='lat' dir='ltr'>quoquc</span> <span class='ocrx_word' id='word_1_283' title='bbox 607 4298 743 4349; x_wconf 78' lang='lat' dir='ltr'>onerat·</span> <span class='ocrx_word' id='word_1_284' title='bbox 777 4290 821 4349; x_wconf 87' lang='lat' dir='ltr'>At</span> <span class='ocrx_word' id='word_1_285' title='bbox 839 4286 871 4346; x_wconf 87' lang='lat' dir='ltr'>in</span> <span class='ocrx_word' id='word_1_286' title='bbox 893 4288 1005 4346; x_wconf 78' lang='lat' dir='ltr'>coslum</span> <span class='ocrx_word' id='word_1_287' title='bbox 1024 4270 1129 4345; x_wconf 82' lang='lat' dir='ltr'>sustri-</span> 
     </span>
    </p>

    <p class='ocr_par' dir='ltr' id='par_1_29' title="bbox 109 4384 1157 4457">
     <span class='ocr_line' id='line_1_37' title="bbox 109 4384 1157 4457; baseline -0.008 -2"><span class='ocrx_word' id='word_1_288' title='bbox 109 4394 187 4457; x_wconf 85' lang='lat' dir='ltr'>ierat</span> <span class='ocrx_word' id='word_1_289' title='bbox 212 4412 331 4454; x_wconf 82' lang='lat' dir='ltr'>novum</span> <span class='ocrx_word' id='word_1_290' title='bbox 362 4393 597 4452; x_wconf 81' lang='lat' dir='ltr'>Testamentum</span> <span class='ocrx_word' id='word_1_291' title='bbox 626 4389 681 4451; x_wconf 83' lang='lat' dir='ltr'>abs</span> <span class='ocrx_word' id='word_1_292' title='bbox 707 4398 738 4449; x_wconf 91' lang='lat' dir='ltr'>te</span> <span class='ocrx_word' id='word_1_293' title='bbox 762 4388 950 4450; x_wconf 83' lang='lat' dir='ltr'>traductum.</span> <span class='ocrx_word' id='word_1_294' title='bbox 994 4384 1157 4449; x_wconf 81' lang='lat' dir='ltr'>Pulchra.</span> 
     </span>
    </p>
   </div>
   <div class='ocr_carea' id='block_1_8' title="bbox 0 0 1314 5108">
    <p class='ocr_par' dir='ltr' id='par_1_30' title="bbox 0 0 1314 5108">
     <span class='ocr_line' id='line_1_38' title="bbox 0 0 1314 5108; baseline 0 2"><span class='ocrx_word' id='word_1_295' title='bbox 0 0 1314 5108; x_wconf 95' lang='lat' dir='ltr'> </span> 
     </span>
    </p>
   </div>
  </div>
 </body>
</html>
