2618 5108
190 808 275 886 aot
366 810 442 885 Ulr.
468 813 515 885 ab
539 809 680 885 Hutten
705 831 791 884 cnm
813 806 967 885 Erasmo
989 809 1073 882 Ror.

189 1020 281 1089 ¹nunc
309 1002 451 1065 rendere
476 1003 592 1084 passim
616 1002 772 1067 librarios.
815 1004 931 1087 Neque
956 1002 1040 1063 enirn
1058 1021 1124 1063 uno
1144 1002 1217 1062 loco

196 1093 243 1164 sie
262 1103 373 1166 scribis
391 1105 432 1166 de
451 1104 524 1180 illo,
545 1103 634 1188 quasi
647 1104 680 1164 in
697 1124 792 1187 quem
807 1103 882 1165 nihil
896 1124 1024 1176 eorum,
1045 1123 1114 1184 quae
1131 1121 1220 1161 com·

191 1207 389 1280 memoravi,
410 1217 577 1287 congruat.
614 1204 669 1266 llle
688 1215 719 1264 te
739 1216 817 1265 amat
837 1204 946 1278 unice,
972 1205 1056 1266 illum
1072 1203 1220 1273 tudileo-

188 1313 264 1366 -turn
281 1306 389 1367 habea.
429 1303 512 1367 Cum
527 1306 580 1365 illo
600 1305 738 1365 suaviter
754 1304 851 1380 vivis,
872 1316 906 1364 et
915 1303 948 1365 in
962 1304 1094 1365 mediam
1110 1324 1219 1385 quam·

190 1424 260 1487 que
288 1417 415 1466 noctem
433 1403 581 1486 perducis
608 1405 742 1466 literatos
768 1403 898 1466 fabulas.
947 1405 1047 1465 Etiam
1067 1405 1219 1465 convenit

195 1502 279 1565 inter
302 1525 379 1579 ros,
411 1515 446 1566 ut
467 1506 599 1566 Romam
628 1504 705 1567 eatis
732 1526 803 1568 una.
853 1506 883 1567 0
903 1506 1027 1566 dulcem
1049 1516 1219 1567 conuictu·

199 1603 306 1665 dinem
326 1627 368 1666 ex
389 1605 479 1686 gravi
499 1617 630 1687 repente
649 1607 743 1681 odio,
764 1617 795 1666 et
814 1604 990 1666 inimicitia!
1012 1607 1078 1669 tter
1097 1617 1131 1666 tu
1152 1605 1221 1666 exi·

190 1704 302 1767 stiinea
320 1717 439 1780 tamen,
458 1709 523 1768 lucc
541 1727 672 1769 movere
691 1727 758 1782 nre,
779 1706 867 1789 quod
880 1706 957 1766 tanti
975 1705 1036 1767 viri
1054 1705 1220 1768 amicitiam

191 1804 254 1867 tibi
275 1805 443 1866 invideam.
482 1807 563 1868 ttihit
582 1808 686 1870 minus
715 1810 746 1868 in
767 1817 903 1868 mentem
922 1807 1018 1867 venit.
1058 1806 1168 1880 Habe,
1189 1819 1221 1868 et

199 1907 285 1969 hune
304 1906 380 1983 tibi,
407 1919 439 1968 et
457 1908 530 1970 huie
548 1908 680 1984 similes,
713 1927 834 1989 cosque
854 1927 938 1981 ama,
972 1918 1004 1966 et
1023 1905 1160 1965 vicissim
1181 1907 1219 1967 ab

195 2006 273 2087 ipsis
301 2029 421 2084 amare,
456 2029 507 2070 me
540 2009 638 2070 facile
660 2008 814 2070 cariturus
840 2005 884 2066 ibi
918 2009 1041 2067 aemulo.
1082 2008 1219 2068 'l'antum

195 2105 358 2187 interjicio
385 2109 584 2189 hujusmodi,
615 2120 649 2170 ut
671 2108 847 2181 ostendam,
882 2126 976 2187 quarn
1002 2117 1036 2167 tu
1056 2106 1098 2168 sis
1118 2109 1219 2176 bellus

196 2211 442 2292 tergiversator,
474 2220 506 2269 et
533 2209 622 2291 quod
650 2230 738 2288 paene
771 2206 929 2268 nemiuem
960 2208 1133 2287 capitaliter
1163 2209 1220 2268 ho·

200 2315 279 2371 neor
299 2308 466 2370 habuerint
493 2310 554 2369 hoc
574 2320 716 2389 ternpore
736 2321 820 2368 recta
840 2308 958 2384 studia,
993 2331 1133 2391 quocum
1154 2332 1220 2372 non

191 2407 433 2487 ‚corruptissime
453 2408 672 2488 prevaricatus
691 2408 743 2470 sis·
784 2409 880 2472 Certe
898 2411 1089 2472 Alcarulr'um
1110 2433 1219 2474 omnes

192 2507 315 2581 sciunt,
338 2528 404 2588 quo
424 2507 546 2570 facilius
566 2508 707 2591 reliquos
719 2509 835 2570 deinde
855 2510 1063 2589 opprimeret,
1084 2513 1220 2574 instrue·
1263 2502 1266 2506 ⁵

191 2611 271 2669 tum
287 2619 398 2669 contra
417 2620 448 2670 te
469 2609 612 2684 venisse,
642 2610 782 2672 omniurn
811 2609 843 2670 in
871 2610 1038 2671 Germania
1065 2625 1218 2689 motuum,

197 2714 230 2772 et
248 2729 357 2771 rerum
383 2709 505 2793 ubique
527 2722 681 2773 novarum
710 2721 870 2784 autorem,
903 2714 951 2788 (ut
983 2713 1049 2792 ipse
1082 2713 1218 2790 serebat)

196 2809 400 2891 primarium,
429 2832 537 2893 neque
558 2812 642 2872 aliud
670 2812 843 2885 obstitisse,
878 2811 1047 2893 quominus
1067 2814 1106 2873 ad
1127 2834 1220 2876 suum

194 2920 343 2972 tractaret
354 2922 482 2986 nutum,
500 2913 594 2994 quam
609 2914 698 2995 quod
709 2913 811 2973 lrabita
824 2932 920 2990 snper
932 2932 967 2972 re
977 2915 1218 2991 consultatione,

196 3009 301 3074 risum
323 3022 387 3086 est,
415 3023 481 3072 arte
501 3013 607 3091 potius
629 3015 777 3093 aggredi,
799 3024 829 3073 et
851 3013 1027 3091 apartibus
1047 3015 1218 3091 abducere,

195 3122 235 3174 ut
255 3114 294 3173 ad
314 3116 389 3173 suos
407 3135 486 3175 usus
504 3114 702 3175 reservatum
721 3115 771 3174 illa
789 3113 917 3174 haberet
936 3112 1045 3175 Curia.
1084 3117 1148 3178 Sed
1168 3118 1219 3178 ille

194 3214 237 3276 od
257 3235 315 3274 uos
336 3225 431 3294 teque
452 3215 555 3294 ipsum
574 3216 680 3277 utilius
701 3214 789 3277 aliter
809 3216 924 3296 egisset
944 3236 1025 3290 rem,
1055 3238 1149 3298 quam
1170 3219 1220 3279 illa

193 3326 274 3376 arte.
314 3314 485 3396 Utcunque
506 3298 647 3377 cessisset
667 3316 768 3391 enim,
799 3317 910 3376 molius
932 3316 1019 3376 samec
1040 3322 1220 3380 consultum
1299 3384 1301 3389 ⁴

189 3425 257 3475 -tuae
277 3414 398 3476 inisset.
436 3415 524 3476 Inter
544 3417 608 3476 hare
626 3417 800 3478 Adrianum
815 3418 1001 3479 Pontificem
1017 3438 1082 3477 non
1098 3421 1219 3480 Luthe·

194 3514 265 3578 rani
284 3517 446 3577 finxerunt
464 3527 576 3576 contra
594 3528 625 3575 te
651 3518 773 3578 hostilia
793 3517 976 3591 machinari,
1011 3539 1105 3599 quam
1124 3521 1218 3581 nobis

195 3616 395 3696 impudenter
426 3619 548 3693 eulpam
577 3617 697 3698 affingis
732 3617 864 3692 iterum,
895 3618 992 3678 invita
1013 3621 1217 3697 conscientia,

192 3715 261 3795 ipsa
290 3718 396 3797 potius
423 3717 673 3780 constantissima
699 3719 798 3792 sarna,
835 3739 907 3779 cum
936 3717 1137 3781 Cardinalem
1167 3724 1218 3784 ille

192 3817 453 3880 Dertltusiensem
473 3831 598 3895 ageret,
628 3841 721 3902 quam
742 3831 841 3879 ortam
860 3819 1004 3880 ferebant
1023 3842 1041 3881 a
1060 3821 1157 3885 literis
1179 3827 1219 3886 ad

191 3929 244 3988 te,
264 3930 296 3978 et
314 3918 391 3979 alios
412 3939 453 3978 ex
473 3920 624 3998 Hispania
643 3931 719 3980 tunc
738 3921 855 3994 missis,
882 3941 1041 3982 rumorem
1061 3937 1218 4002 sparserat

192 4025 227 4080 et
256 4017 313 4079 alia
342 4019 451 4080 conari
482 4042 554 4081 eum
582 4021 732 4083 adversus
764 4031 815 4095 te,
849 4031 881 4081 et
907 4024 1045 4103 quodam
1072 4034 1218 4103 tempore

192 4119 327 4180 Romam
348 4120 510 4199 scripsisse
532 4121 713 4200 epistolam,
747 4143 809 4203 qua
828 4120 898 4182 illos
919 4124 1010 4182 valde
1031 4124 1218 4206 objurgaret

192 4216 238 4281 ibi
259 4219 363 4283 Curiae
383 4219 567 4299 prefectos,
599 4223 688 4304 quod
714 4223 927 4304 nequicquam
959 4223 1110 4304 litigando
1144 4249 1217 4287 cum

195 4321 488 4402 Lutlrero'tempus
516 4333 671 4397 terer·ent;
700 4335 731 4383 te
748 4322 971 4400 ‘arripiendum
1001 4344 1070 4385 esse
1099 4328 1216 4402 potino,

190 4421 312 4484 fontem
332 4424 418 4499 mali,
442 4433 474 4483 et
490 4422 699 4486 rebellionum
718 4423 881 4498 fomitem,
902 4423 958 4512 qui
978 4427 1017 4486 ad
1037 4425 1076 4503 id,
1088 4427 1216 4493 erudias
