2618 5108
141 801 214 884 att
428 801 484 874 Ad
509 801 575 874 Bil.
601 800 892 876 Pirkheimerum

145 993 271 1063 doctori
302 1018 339 1059 os
371 994 539 1058 obdurari!
573 995 623 1055 En
651 990 845 1069 Christianos
865 992 1046 1074 Principes!
1081 988 1169 1070 Quid

143 1101 250 1161 dicent
262 1097 387 1158 exteri?
402 1099 459 1158 Me
473 1097 594 1175 pudere
607 1095 715 1174 incipit
729 1096 843 1175 parriae.
856 1107 1014 1160 Joonnem
1025 1105 1168 1170 Ecciom,

146 1199 373 1262 Trevirensem
391 1198 569 1269 officialem,
590 1196 841 1257 indoctissimum
854 1197 1040 1277 sophistam,
1063 1206 1169 1256 orato-

144 1322 212 1363 rem
232 1301 433 1362 invenerunt.
472 1297 503 1358 Is
523 1296 600 1357 dixit
620 1307 729 1356 contra
756 1306 946 1374 Luttzerum,
977 1297 1021 1356 sic
1040 1295 1167 1374 cupide,

144 1414 264 1464 utnon
286 1400 466 1472 dubitetur,
488 1397 605 1479 aliquid
626 1396 741 1458 habere
762 1418 833 1457 eum
854 1399 893 1458 de
912 1398 1044 1475 pecunia
1059 1398 1168 1457 Ponti·

144 1504 230 1576 ficis,
265 1522 359 1583 quam
388 1501 496 1561 serunt
529 1521 585 1579 per
610 1497 807 1577 largitionem
831 1499 993 1577 profusam
1013 1498 1053 1558 ad
1073 1499 1169 1558 multa

144 1623 315 1665 aureorum
342 1601 446 1663 millia.
494 1601 602 1662 Ausus
623 1609 670 1660 est
688 1601 857 1660 sceleratus
877 1601 994 1661 nebulo
1017 1597 1168 1658 conviciis

143 1703 349 1785 proscindere
366 1701 453 1782 pium
468 1698 711 1782 Euangelistam.
734 1771 737 1783 ι
752 1699 812 1761 Ubi
831 1712 917 1774 sunt,
941 1702 996 1783 qui
1010 1700 1052 1762 ita
1071 1702 1167 1761 iuter·

144 1814 325 1885 predantur,
358 1801 555 1863 consuluisse
575 1802 635 1861 boc
655 1800 870 1876 adversarios,
903 1823 968 1884 quo
988 1803 1109 1882 possint
1129 1803 1166 1864 ab

143 1905 265 1967 irritato
299 1904 344 1966 sic
375 1903 426 1965 illo
460 1901 638 1984 exprimere
670 1902 884 1975 maledictum,
921 1905 1007 1983 quod
1036 1903 1166 1984 capitale

143 2007 274 2087 posthac
303 2004 363 2085 ipsi
395 2013 489 2065 osset.
538 2001 623 2061 Vide
653 2000 777 2080 impiam
806 2003 1081 2066 machinationem!
1114 2010 1166 2069 Ex

143 2103 367 2187 jureconsultis
399 2104 527 2188 quidam
554 2100 731 2180 disputant,
765 2123 825 2163 nec
843 2103 978 2180 debere,
1011 2128 1072 2167 nec
1090 2107 1167 2171 eitra

142 2210 287 2290 injuriam
318 2226 413 2287 posse
438 2204 534 2265 fidem
555 2201 674 2266 servari
694 2211 834 2266 Lutliero
857 2225 874 2265 a
899 2215 1033 2270 Coesare.
1076 2208 1167 2289 Opti·

142 2330 212 2371 mos
232 2307 335 2367 viros!
367 2303 508 2384 quinon
528 2302 677 2364 videntur
699 2303 772 2375 tibi,
804 2325 870 2364 uno
892 2326 1001 2367 omnes
1022 2308 1074 2369 die
1096 2330 1168 2372 curn

141 2419 209 2468 tota
228 2407 279 2468 illa
298 2427 355 2466 sua
374 2401 490 2482 injusta
510 2400 628 2480 justitia
646 2404 781 2481 pellendi
804 2405 1000 2469 Germania?
1039 2411 1169 2472 Vellent

140 2507 230 2588 impii
250 2504 403 2586 Episcopi
422 2501 559 2582 majores
581 2524 673 2576 suos,
703 2504 758 2586 qui
778 2509 837 2566 tale
857 2511 1038 2590 exemplum
1059 2511 1168 2573 edide-

141 2620 216 2673 runt
249 2607 283 2669 in
314 2604 450 2666 concilio
478 2603 730 2677 Constantiensi‚
763 2620 877 2669 exusto
905 2622 1166 2694 JoanneHusso,

127 2708 266 2774 imitari.
306 2706 480 2779 Caesarem,
501 2702 603 2784 ajunt,
632 2704 812 2768 decrevisse
831 2730 1037 2793 propugnare
1055 2715 1168 2778 Ponti-

139 2813 208 2876 ficis
229 2820 352 2892 partes,
373 2817 404 2867 et
423 2805 586 2867 ecclesiam
607 2806 782 2868 Romanam
802 2808 1057 2888 pertinacissime.
1076 2795 1168 2879 ¹Huc

140 2912 227 2975 illum
250 2911 425 2991 adegerunt
448 2907 518 2968 mali
548 2907 757 2969 consultores.
809 2910 928 2986 Magna
948 2911 1044 2995 igitur
1063 2938 1167 2982 sacer·

140 3014 254 3074 dotum
276 3009 390 3090 passim
411 3007 574 3069 exultatio.
620 3007 728 3069 Statim
748 3010 997 3091 triumphabunt,
1019 3038 1090 3079 narn
1112 2992 1182 3080 cos

139 3113 311 3192 lophonem
320 3107 512 3170 arbitrantur
526 3106 705 3185 impositum
719 3109 847 3185 subulae,
862 3115 1037 3178 nescientes
1051 3119 1165 3197 miseri,

141 3227 293 3295 quantum
314 3210 417 3269 adhuc
435 3207 537 3268 absint
565 3230 582 3268 a
603 3209 681 3281 line,
714 3221 745 3270 et
763 3224 883 3275 restare
904 3216 1005 3277 arlbuc
1024 3222 1166 3285 ultimum

140 3324 254 3374 actum.
307 3307 443 3389 Quidam
463 3308 588 3386 publice
607 3312 774 3388 proposuit
794 3314 969 3391 schedium,
1000 3341 1067 3400 quo
1089 3344 1165 3385 con·

137 3415 273 3486 timetur,
304 3407 553 3492 quadringentos
573 3430 614 3468 ex
635 3409 793 3474 nobilibus
813 3413 997 3493 conjurasse
1018 3442 1078 3500 pro
1099 3435 1166 3488 Lu.

139 3525 252 3586 thero;
278 3522 309 3572 et
329 3507 443 3589 adjecit
463 3510 681 3582 Buutschuch,
712 3513 923 3577 Buntsclruch.
972 3520 1000 3581 O
1020 3522 1164 3588 homines

139 3619 288 3679 extreme
314 3610 530 3692 importunos!
557 3610 718 3671 Prodesse
746 3615 856 3674 volunt
882 3627 1040 3698 Luthero,
1058 3626 1165 3703 perni-

139 3717 226 3776 ciose
247 3713 374 3772 obsunt.
412 3713 611 3790 Quamquam
632 3722 721 3786 sunt,
750 3714 804 3795 qui
826 3716 865 3776 ab
893 3718 1024 3782 inimicis
1046 3729 1164 3788 conlie·

139 3831 206 3878 tum
223 3815 285 3874 hoc
306 3819 434 3890 putent,
454 3810 495 3871 ad
515 3810 702 3872 movendam
721 3812 763 3874 illi
779 3815 941 3894 invidiam,
964 3824 1053 3904 quod
1072 3829 1163 3891 valde

138 3915 213 3978 mibi
241 3910 413 3974 verisimile
442 3921 500 3972 est.
551 3911 662 3971 Excita
690 3924 816 3977 tuorum
844 3921 1005 3983 hominum
1031 3926 1163 3992 animo„

138 4016 218 4077 Nam
240 4012 379 4095 quandam
408 4009 441 4071 in
461 4011 636 4071 civitatibus
657 4013 732 4075 milri
761 4039 833 4094 spes
855 4032 916 4096 est,
948 4038 1080 4105 propter
1099 4040 1164 4091 stu.

137 4117 225 4180 diurn
245 4115 411 4187 libertatis,
442 4115 600 4194 peculiare
629 4114 732 4176 vobis.
783 4127 992 4185 Franciscum
1013 4128 1161 4191 babemus

136 4215 349 4297 inpartibus,
366 4233 431 4274 non
448 4212 605 4276 laventem
623 4213 702 4293 jam,
722 4217 778 4277 sed
792 4224 1033 4286 conrnrotissime
1050 4230 1162 4290 arden-

137 4332 212 4383 tem.
254 4319 357 4377 'sotus
388 4313 510 4376 imbibit
528 4322 719 4378 Lurherum:
750 4316 831 4379 inter
861 4325 1047 4389 conandum
1080 4329 1160 4393 iltius

138 4419 292 4502 opuscula
312 4415 374 4498 legi
394 4414 494 4496 jubet.
539 4414 661 4478 Audivi
679 4415 854 4495 jurantem,
890 4445 957 4487 non
976 4426 1160 4494 defuturum
