2618 5108
180 827 230 904 ol
411 825 811 901 lnLutherumBulla
835 825 984 900 Leonis.
1056 766 1060 774 ⁹

181 1031 294 1084 contra
314 1019 573 1083 constitutionem
593 1017 644 1081 Pii
666 1018 708 1081 ll.
722 1019 748 1094 ι)
774 1040 812 1080 ac
832 1019 909 1081 Julii
929 1018 972 1082 11.
984 1019 1011 1096 b)
1037 1020 1212 1100 predeces-
1275 1091 1277 1095 ,

180 1143 291 1187 sorum
299 1127 499 1197 nostrorum,
511 1143 575 1205 qua
585 1132 715 1184 cavetur
727 1119 830 1182 taliter
843 1123 1035 1201 appellantes
1049 1122 1213 1184 heretico·
1265 1109 1285 1185 2³.

180 1243 253 1287 cum
268 1245 359 1304 poena
372 1223 568 1303 plectendos.
581 1222 608 1299 c)
628 1221 758 1284 Frustra
770 1219 863 1283 etiem
874 1221 1040 1295 conciliid)
1059 1222 1213 1286 auxilium
1262 1174 1277 1280 l
1295 1279 1297 1282 .

72 1344 80 1378 ³
182 1324 378 1406 imploravit,
410 1325 466 1407 qui
485 1321 528 1386 illi
547 1343 582 1385 se
608 1342 673 1384 non
692 1323 825 1384 credere
838 1323 944 1402 palam
962 1326 1148 1401 profitetur3
1169 1324 1213 1387 ita
1263 1289 1291 1377 l*

182 1437 218 1488 ut
243 1439 355 1488 contra
382 1424 486 1505 ipsum
503 1434 672 1506 tamquam
699 1424 739 1484 ele
767 1422 830 1484 sule
854 1421 979 1486 notorie
1010 1436 1211 1504 suspectum,
1262 1385 1298 1565 l}

182 1525 279 1590 immo
301 1546 379 1589 vere
403 1524 583 1588 hereticum
604 1523 725 1607 absque
740 1522 884 1585 ulteriori
896 1524 1044 1586 citatione
1056 1527 1108 1586 sel
1120 1546 1213 1588 mora
1259 1492 1296 1634 l*

118 1652 120 1657 ·
181 1629 222 1692 ad
240 1627 539 1690 condemnationem
557 1638 590 1689 et
607 1625 838 1690 <lamnationem
853 1623 922 1705 ejus
941 1640 1099 1708 tamquam
1113 1627 1211 1687 here·
1270 1570 1297 1664 ἑ

180 1727 256 1805 tici,
276 1748 313 1790 ac
332 1729 373 1791 ad
392 1727 533 1790 omnium
551 1738 584 1791 et
597 1726 792 1810 singularum
806 1727 1087 1808 suprascriptarum
1104 1748 1213 1809 poena·

178 1851 252 1893 rum
271 1840 303 1892 et
333 1848 539 1892 censurarum
567 1828 766 1890 severitatem
793 1828 969 1907 procedere
995 1849 1172 1910 possemus
1183 1830 1212 1903 e)

178 1929 391 1994 Nihilominus
410 1931 452 1992 de
470 1929 648 1991 eorundem
667 1927 799 1992 fratrum
818 1939 1001 2004 nostrorum
1020 1929 1191 2006 consilior)
1178 1930 1211 2006 ),

180 2028 410 2108 omnipotentis
430 2028 493 2092 Dei
517 2028 674 2092 imitantes
702 2027 951 2104 elementiam),
980 2030 1122 2112 quinon
1142 2032 1212 2093 vult

177 2142 314 2195 mortem
334 2130 527 2213 peccatoris,
553 2130 614 2192 sed
633 2132 730 2211 magis
763 2141 798 2191 ut
824 2141 1030 2192 convertatur
1056 2143 1088 2194 et
1110 2133 1282 2210 vivat,

178 2231 322 2296 omnium
351 2228 540 2312 injuriarrnn
570 2230 721 2293 lucterius
745 2230 839 2293 nobis
867 2241 900 2292 et
918 2232 1110 2310 Apostolieae
1139 2232 1266 2354 “dil

177 2331 333 2394 illatarum
353 2329 460 2406 obliti,
479 2329 568 2393 omni
587 2351 651 2416 qua
669 2351 837 2412 possumus
855 2330 1015 2412 pietaten)
1034 2333 1081 2395 uti
1096 2332 1249 2397 decre-⁶
1239 2310 1275 2562 {a

212 2567 243 2637 a)
261 2569 388 2641 impiam
399 2567 523 2626 scelesti
536 2559 712 2641 impostoris
726 2571 970 2626 constitutionem
983 2571 1072 2628 nobis
1085 2573 1218 2642 objicis.
1246 2564 1264 2685 ἱ

246 2653 325 2729 Quis
343 2655 490 2726 accipiet,
514 2671 621 2709 eorum
641 2656 825 2727 praesertim,
842 2657 894 2728 qui
911 2658 975 2727 jam
994 2658 1103 2713 oculos
1122 2675 1210 2714 rece.
1246 2677 1262 2723 ἰ

247 2742 378 2811 petunt?
400 2739 429 2796 0
451 2741 587 2796 fraudem
609 2755 696 2810 atque
715 2741 904 2796 violentiam!

210 2849 404 2921 >Sanctum
423 2849 581 2904 hominem
600 2864 837 2908 commemoras.
1196 2725 1306 2958 ll}

213 2963 244 3033 e)
258 2962 331 3021 Hoc
350 2960 471 3015 tandem
488 2969 536 3015 est
549 2961 600 3030 jus
620 2970 649 3015 et
668 2961 729 3029 fas,
758 2976 849 3015 omne
871 2961 1009 3028 auferre,
1034 2970 1063 3015 et
1080 2960 1210 3033 implere
1248 2932 1307 3062 ς(

246 3047 371 3101 domum
382 3045 510 3101 Domini
530 3045 682 3118 iniquitate
702 3054 731 3099 et
748 3046 833 3100 dolo.
870 3045 963 3120 Quod
977 3047 1031 3102 abs
1046 3057 1076 3102 te
1089 3064 1207 3118 quero.

247 3131 382 3186 Creditis
411 3149 450 3185 nc
475 3147 560 3199 csse,
588 3131 773 3203 Pontifices,
801 3130 885 3185 illum
903 3147 1033 3202 superne
1058 3132 1210 3202 judicem,
1255 3152 1262 3181 ι

244 3216 295 3286 qui
329 3216 488 3290 aliquapdo
515 3215 595 3271 hanc
624 3215 746 3271 avobis
776 3216 926 3269 rationem
956 3228 1119 3273 exacturus
1147 3217 1211 3273 sit?

242 3299 394 3357 Profecto
414 3317 476 3355 non
496 3300 627 3355 creditis.
670 3300 782 3372 Neque
802 3300 881 3354 enim
899 3301 926 3355 si
943 3301 1047 3358 Deum
1067 3319 1134 3358 essc
1154 3317 1211 3373 pu.

244 3385 368 3455 taretia,
386 3384 432 3440 sio
451 3385 641 3440 confidenter
656 3386 759 3440 omnia
773 3387 999 3457 perverteretis.
1035 3388 1107 3442 Jam
1122 3389 1211 3458 igitur

209 3536 211 3541 ,
244 3469 358 3541 optima
389 3471 576 3547 conscientia
602 3470 774 3526 recedimus
798 3488 816 3526 a
836 3470 937 3527 vobis.
984 3473 1132 3528 seducitis
1149 3489 1209 3529 nos

244 3555 344 3624 enim,
365 3550 394 3611 et
414 3567 556 3627 quantum
579 3557 608 3610 in
625 3556 715 3611 vobis
736 3565 799 3624 est,
818 3556 953 3627 perditis.

209 3665 342 3804 tllfQuid
362 3666 423 3737 ais,
447 3666 628 3722 interfector
647 3666 880 3723 Consiliorum?
909 3669 978 3725 Hoc
997 3688 1036 3727 ne
1054 3670 1211 3727 Luthcrus
1242 3625 1282 3830 3

258 3751 337 3807 ecit?
1254 3744 1260 3767 ι

209 3861 239 3928 e)
256 3859 354 3935 Quod
375 3866 490 3936 potuit,
510 3878 574 3922 non
592 3867 699 3924 voluit.
738 3867 816 3954 Quis
834 3874 958 3923 accusat
974 3867 1141 3926 Leonem?
1238 3797 1281 3942 ff}

207 3969 328 4041 r)vtde
348 3973 528 4031 modestiam
548 3969 904 4039 Reverendissimorum.
1271 3969 1279 4030 l

206 4080 239 4148 r)
257 4079 285 4137 O
308 4082 502 4140 clementiam
519 4087 757 4150 incredibilemi
775 4084 816 4147 Et
828 4088 969 4147 Leonem
981 4093 1104 4165 quidem
1116 4082 1209 4147 nemo

240 4170 354 4239 limitit
383 4186 475 4242 two
495 4179 560 4231 tam
579 4177 763 4237 clementem
783 4192 871 4248 esse,
898 4177 1066 4250 presertim
1087 4177 1209 4248 quando

240 4253 383 4308 occidere
402 4265 521 4329 posset,

203 4361 353 4434 llffllffl
370 4364 443 4436 Plu&
462 4387 535 4434 ease
554 4377 622 4434 Leo
640 4381 766 4448 posset,
789 4374 886 4433 modo
905 4375 1072 4447 rapientem
1091 4385 1160 4427 eum
1179 4376 1210 4424 et
1270 4392 1275 4400 ¹

236 4461 424 4522 imnum)
440 4459 558 4543 ,iugiter
576 4465 740 4519 terremus.
