2618 5108
475 87 765 329 vum·
792 310 833 318 *⁶¹⁴
938 310 999 325 ‘'¹’‘
1062 304 1175 326 v—ff:
1255 332 1264 334 ἡ

116 774 118 781 ‚
184 827 276 915 x356,
492 822 535 897 In
560 819 762 905 Concilium
787 825 931 899 Worm.

203 1013 245 1098 lia
259 1025 388 1093 ‚rodoam
408 1016 551 1080 hominen
570 1016 652 1080 adeo
670 1017 825 1093 carnales,
846 1031 881 1082 ut
895 1018 1002 1082 studio
1018 1020 1226 1102 voluptatum,

204 1115 319 1197 muntii.
339 1114 443 1197 taujais,
463 1138 588 1181 ornnem
608 1117 765 1180 saniorem
784 1118 895 1180 mentis
915 1119 1139 1203 cogitationem
1158 1123 1228 1186 lon·

203 1217 333 1302 gisaime
354 1238 373 1279 a
392 1217 482 1280 vobis
504 1220 668 1300 relegetis,
701 1218 777 1280 nibil
797 1230 972 1301 quaerentes
998 1220 1099 1297 aliut,
1130 1244 1226 1305 quam

203 1319 343 1400 regalem
364 1317 453 1381 iatam
481 1333 617 1381 vestram
638 1318 829 1400 opulentiam
859 1321 948 1404 quod
967 1333 1130 1384 sustentet.
1169 1324 1227 1386 Di·

204 1417 295 1483 ataias
316 1432 419 1482 autem
439 1420 552 1482 fraude
580 1435 613 1483 et
631 1419 763 1501 perfidia
791 1421 950 1503 expeditis
979 1421 1090 1498 vobis,
1118 1444 1226 1506 neque

97 1584 100 1597 ,
204 1527 239 1599 in
257 1527 351 1589 alium
369 1527 480 1599 finem,
502 1541 596 1605 quarn
615 1529 651 1581 ut
662 1521 741 1583 male
760 1522 855 1601 partia
873 1523 1004 1586 utamini
1014 1525 1110 1605 longe
1122 1527 1225 1614 adbuc

203 1625 318 1711 pejus,
352 1623 428 1689 nibil
451 1624 537 1705 priua
570 1621 766 1698 affectanter,
794 1644 888 1705 quam
916 1635 951 1686 ut
977 1624 1224 1705 profundissime

202 1739 339 1792 numam
366 1725 468 1808 gulam
494 1721 662 1804 expleatis,
705 1721 765 1783 toti
792 1721 924 1784 luxuria
955 1724 1068 1800 dediti,
1101 1724 1222 1789 inertiae

203 1826 332 1903 devoti,
362 1826 395 1888 in
415 1823 535 1888 desidia
556 1826 653 1904 longe
673 1821 873 1902 ignavissima
891 1834 1071 1903 torpentes,
1100 1836 1135 1887 ut
1155 1849 1225 1890 rec·

201 1928 265 1993 tior
290 1926 439 2010 popinam
464 1927 560 2000 banc,
585 1935 639 1985 aut
664 1943 855 2002 caraponam,
881 1945 975 2006 quam
995 1926 1155 1988 ecclesiam
1176 1927 1225 1990 di·

203 2028 302 2099 aeria.
323 2028 462 2111 Neque.
472 2035 576 2087 tamen
598 2044 671 2085 cum
695 2023 814 2085 habetis
839 2025 920 2099 bac,
943 2025 1049 2104 *adhue
1080 2026 1224 2091 contenti

202 2131 300 2207 estis,
326 2129 384 2192 aed
403 2126 515 2190 urbem
532 2145 664 2209 quoque
683 2125 817 2186 Romam
835 2120 1011 2187 cervicibus
1030 2126 1144 2191 nostris
1164 2133 1224 2191 im·
1268 2119 1269 2124 ἵ

202 2251 325 2316 ponere
338 2227 481 2311 cogitatis
495 2224 623 2308 jugum,
639 2235 671 2285 et
678 2223 823 2306 gravitas,
840 2245 934 2307 quam
945 2237 980 2288 ut
993 2247 1182 2311 equoquam
1192 2230 1225 2309 ο)

202 2331 283 2400 ferri
302 2328 419 2409 possit,
446 2337 478 2387 et
496 2325 631 2400 foedius,
662 2344 755 2405 quam
774 2335 809 2385 ut
828 2345 847 2386 a
866 2325 941 2387 viria
960 2326 1084 2390 debeat.
1123 2329 1225 2412 eraai

202 2452 264 2502 nec
281 2448 415 2511 usquam
440 2425 495 2502 ait,
523 2445 584 2488 nec
609 2445 679 2488 erae
708 2422 821 2486 debeat
848 2425 997 2488 libertatis
1025 2428 1162 2507 vindex,
1189 2446 1225 2496 ot

203 2529 249 2599 eie
268 2528 387 2591 animoa
407 2526 499 2589 vobin
525 2522 805 2607 desponderimua,
834 2537 871 2587 ut
883 2526 933 2602 Μ)
958 2547 1111 2593 revocare
1139 2552 1224 2594 nun·

186 2651 298 2714 ,qnam
311 2631 378 2706 m)
395 2627 435 2691 ab
452 2647 565 2690 errore
583 2624 683 2689 liceat.
728 2626 813 2705 Quin
831 2624 1000 2709 aliquando
1028 2650 1086 2690 vor
1106 2651 1224 2714 recog·

202 2729 352 2805 noscitis,
380 2738 413 2790 et
432 2728 515 2792 lacta
533 2725 709 2790 istiusmodi
729 2735 833 2788 vestra
851 2726 1061 2809 perpenditis,
1090 2751 1126 2792 ae
1145 2732 1224 2797 illud

201 2830 394 2916 prospicitis,
417 2828 487 2894 lieri
506 2847 698 2908 pauperae,
721 2824 799 2907 quin
812 2826 981 2910 aliqnando
993 2832 1092 2891 vestri
1103 2852 1223 2909 morer,

202 2954 353 3001 ammam
380 2930 414 2994 iu
432 2951 492 2992 voa
517 2927 673 2991 licentiam
691 2924 800 2989 intimo
821 2927 938 3010 cuique
956 2927 1080 2991 saciant.
1119 2930 1223 2995 Vide·

202 3035 292 3110 lieet,
326 3043 362 3094 nt
389 3029 482 3092 vobis
501 3026 642 3111 pecuniae
661 3025 739 3103 sint,
770 3047 838 3088 non
856 3028 896 3091 ad
914 3050 1006 3092 usum
1025 3031 1222 3110 necessariae,

201 3135 260 3200 aed
278 3134 318 3195 ad
337 3136 453 3211 luxum
463 3129 526 3210 jam
544 3128 727 3208 superfluae,
747 3125 835 3189 utin
855 3130 1068 3210 voluptatibus
1088 3131 1222 3214 degatis,

86 3278 91 3288 ·
202 3234 237 3300 in
256 3232 373 3296 deliciis
401 3231 533 3293 molliter
550 3227 732 3303 versemini,
767 3249 873 3311 neque
901 3230 1019 3312 aliquid
1045 3252 1112 3294 non
1130 3234 1222 3298 adae·

200 3331 340 3419 quamini
384 3328 566 3411 inexplebili
610 3327 668 3389 ista
712 3338 817 3390 vestra
860 3330 1007 3407 avaritia,
1040 3332 1220 3415 conarique

201 3435 306 3500 omnia
336 3430 499 3496 ambitioni
524 3439 651 3503 vestrae,
685 3427 847 3508 cupiditati
874 3431 979 3495 omnia
1008 3445 1155 3512 pareant,
1184 3449 1222 3499 ut

200 3538 330 3624 inquam
348 3537 413 3598 sitia
432 3531 500 3596 voti
518 3530 639 3613 ubique
658 3540 839 3609 compotes,
860 3531 965 3594 omnia
978 3533 1120 3596 omnium
1132 3555 1220 3599 conr·

96 3707 100 3714 ,
203 3640 298 3706 moda
318 3637 416 3701 averti
435 3657 492 3717 par
514 3643 576 3707 est,
598 3629 738 3693 omnium
758 3633 879 3696 detrahi
899 3633 1090 3709 necessitati,
1111 3656 1220 3720 neque

199 3761 292 3804 auum
311 3738 456 3819 cuiquam
476 3754 557 3796 ease.
609 3731 695 3812 Quin
727 3732 820 3796 etiam
841 3745 878 3794 ut
904 3755 1029 3796 eausam
1055 3735 1219 3804 defensam

197 3839 353 3914 babeatis,
373 3838 576 3914 Evaragelium
595 3833 679 3896 mori
698 3834 867 3912 oportebit.
906 3833 985 3914 Quis
1001 3844 1064 3897 tana
1079 3835 1154 3898 trito
1171 3850 1225 3902 ert

197 3943 297 4017 eollo,
318 3951 350 4002 et
368 3938 414 4000 sic
432 3937 573 3999 adsuevit
590 3932 686 4017 jugo,
718 3944 753 3994 ut
773 3935 804 3994 in
823 3945 905 3996 tanta
923 3936 1077 3997 scelerum
1095 3951 1220 4003 vestro·

197 4062 268 4105 rum
287 4037 552 4110 accumulatione,
583 4033 755 4117 praesertim
777 4055 886 4098 rerum
907 4036 1008 4098 oblata
1029 4042 1217 4119 opportuni·

195 4151 277 4220 ute,
297 4141 360 4218 jam
381 4149 532 4201 excutere
547 4137 625 4200 illud
643 4156 711 4199 non
728 4139 829 4201 velit?
863 4141 930 4202 Aut
948 4140 976 4204 ai
994 4141 1139 4204 homines
1158 4163 1218 4205 no·

196 4288 424 4305 *-

229 4366 259 4433 ⁸)
277 4373 330 4419 vor
349 4374 437 4424 scrrt:
463 4384 612 4432 equaquam
636 4346 767 4431 beigelllgt.
804 4367 1120 4442 ⁴⁴)u,***)110000273
1152 4400 1218 4432 m,

245 4477 334 4526 qaam:
352 4477 382 4512 ne
400 4477 514 4512 revocare
531 4478 640 4524 unquam.
