2618 5108
864 46 870 65 l

475 408 480 422 ι

420 698 425 712 ·
500 751 691 854 Dialogus.
1047 708 1132 854 12⁸9:-
1239 761 1246 767 “

72 958 108 1010 tu
123 944 350 1030 Euangeliou,
373 958 406 1010 et
417 949 480 1011 boe
504 949 635 1025 nomine
653 971 794 1017 summus
807 967 872 1032 est,
892 933 1116 1040 quodChristi

72 1047 223 1113 Viearius
247 1067 315 1127 est,
340 1050 479 1137 ejusque
503 1053 651 1137 sequitur
670 1057 870 1141 praescripta,
896 1059 990 1143 eujus
1010 1064 1115 1128 uicem

73 1169 167 1234 gerit.
239 1216 255 1228 Α.

369 1316 376 1326 ,
491 1270 711 1338 Lutberus.

150 1373 228 1453 Quo
247 1383 404 1456 pretextu
430 1373 585 1444 mundum
612 1375 707 1453 fallit,
736 1378 854 1442 tamdiu
873 1379 954 1459 jam,
976 1395 1008 1444 et
1033 1381 1112 1444 lide·

72 1474 150 1573 tipn
170 1475 270 1536 oculis
297 1474 411 1538 lucum
435 1469 523 1539 lacit.
572 1477 625 1540 An
654 1498 721 1541 non
748 1480 928 1561 Evangelio
954 1484 1114 1546 contraria

72 1587 254 1640 statuerunt
272 1575 538 1652 innumerabiles,
563 1577 669 1640 multis
689 1577 754 1660 jam
773 1581 863 1646 annis
883 1583 1083 1649 Pontifices?

498 1695 696 1758 Monitor.
1002 1741 1004 1746 -

147 1795 248 1875 Quod
269 1815 353 1878 ego,
373 1796 468 1878 quale
486 1795 545 1872 sit,
565 1817 633 1859 nou
652 1797 746 1861 valde
765 1801 843 1862 seio.
883 1797 982 1864 Certe
996 1810 1112 1864 tamen

71 1896 163 1959 iniis
185 1918 257 1980 quae
276 1906 472 1970 statuerunt,
498 1895 595 1959 video
617 1896 735 1961 Christi
756 1899 1011 1981 professionem,
1031 1924 1112 1983 prae-

70 2008 258 2080 tensamque
284 1995 356 2079 ejus
387 1996 537 2061 omnibus
554 1999 775 2078 autoritatem,
806 2001 950 2065 adhunc
977 2023 1111 2087 scopum
1202 2076 1208 2091 ,Ι

71 2099 190 2165 directa
211 2099 328 2163 omnia.
994 2108 997 2112 “
1201 2092 1213 2107 ’

475 2178 707 2243 Lutherus.

144 2280 189 2344 Ut
215 2277 316 2361 siquis
349 2299 428 2342 auro
468 2277 577 2361 pingat
609 2279 788 2361 plumbum,
821 2282 1005 2367 vendatque
1045 2304 1107 2365 pro

70 2401 148 2445 auro
182 2379 262 2454 tibi;
300 2380 365 2442 imo
400 2400 480 2443 vero
516 2379 643 2444 exitiale
669 2402 847 2459 venenum,
876 2383 977 2468 siquis
998 2385 1110 2448 ebur·

70 2505 130 2546 nea
149 2482 309 2546 inclusum
338 2483 430 2545 theca
458 2481 568 2544 mittat.
614 2482 694 2545 Nam
714 2484 792 2565 quid
812 2494 843 2546 te
862 2493 986 2558 movet,
1018 2483 1110 2566 qarod

70 2586 131 2649 boe
151 2605 288 2660 nomen,
310 2586 390 2647 bane
409 2595 581 2666 praetexant
601 2581 667 2647 suis
689 2583 967 2648 constitutionibus
988 2585 1109 2648 autori·

68 2696 183 2761 tatem,
206 2705 278 2748 cum
289 2685 335 2746 be
346 2683 550 2748 nibilominus
562 2683 704 2766 pecunias
717 2704 842 2746 causam
855 2695 963 2766 agant,
983 2687 1108 2750 lucrum

68 2789 191 2862 oleant,
213 2807 249 2847 ae
268 2785 356 2848 omni
377 2808 418 2849 ex
438 2797 528 2867 parte
550 2795 704 2869 quaestum
716 2797 727 2860 ,'
746 2796 778 2846 et
791 2785 951 2848 avaritiam
964 2786 1108 2867 sapiant?

66 2887 160 2974 qnod
177 2886 291 2972 utique
309 2906 381 2950 non
401 2887 546 2963 videres,
568 2888 595 2948 si
615 2884 736 2949 Christi
756 2899 840 2950 esset
858 2887 1000 2952 traditio.
1114 2907 1118 2914 ·
1145 2870 1149 2877 ⁸

486 3002 688 3067 Monitor.

141 3106 227 3170 Hinc
243 3116 342 3189 puto,
363 3117 431 3184 est,
451 3107 542 3191 quod
559 3102 647 3187 ajunt
662 3072 785 3188 vulgo,
801 3102 929 3196 alterius
944 3114 975 3168 te
995 3104 1108 3188 impie·
1182 3085 1188 3096 ⁸

62 3208 135 3273 tatis
166 3228 258 3273 reum
277 3218 424 3292 agentes,
459 3208 550 3293 quod
581 3207 689 3290 largiri
711 3207 807 3268 multa
832 3205 975 3270 ‘eeclesiis
1004 3219 1105 3287 vetes,

63 3321 223 3395 autorque
253 3312 312 3384 sis,
347 3309 408 3392 piae
433 3308 468 3372 in
494 3310 676 3373 sacerdotes
703 3305 822 3372 Christi
847 3306 1041 3387 liberalitati,
1070 3322 1106 3373 ut

60 3413 178 3478 modus
197 3420 365 3477 statuatur·

458 3494 461 3498 '
474 3487 505 3549 L
513 3488 694 3551 otherus.

138 3592 241 3656 Recte
263 3588 369 3670 ajunt3
401 3609 474 3652 nam
493 3589 630 3652 libenter
649 3590 712 3650 hoe
737 3583 841 3662 facio,
869 3605 977 3668 neque
998 3595 1104 3649 tamen

62 3696 130 3760 tine
166 3713 279 3772 musa,
313 3713 388 3757 eum
424 3691 566 3767 videam,
607 3710 704 3774 quam
725 3688 876 3768 pietatem
902 3686 952 3749 isti
974 3698 1102 3765 vocant,
1140 3741 1142 3745 .

62 3794 244 3878 dupplicata
262 3813 334 3858 esse
353 3792 557 3874 impietatem.
604 3790 749 3855 Primum
769 3787 855 3851 enim
873 3787 992 3852 liberos
1011 3809 1118 3867 suos,

62 3909 97 3960 et
111 3895 270 3981 legitimos
290 3896 431 3961 baeredes
451 3893 603 3960 fraudant
621 3912 657 3954 re
670 3903 820 3974 paterna,
841 3900 873 3953 et
892 3889 968 3971 ipsis
982 3890 1100 3967 debita,

59 4021 98 4063 ιιι
114 3999 311 4080 locupletent
330 3998 463 4061 alienos.
500 3993 627 4059 Deinde
646 3992 734 4056 malis
754 3991 847 4067 dant,
880 4003 916 4054 ut
941 3990 981 4053 sit
1009 3992 1101 4077 quod

57 4101 84 4167 ii
99 4099 193 4167 luxui
210 4098 434 4183 suppeditent,
455 4118 522 4183 quo
541 4094 690 4180 praesidio
711 4093 808 4156 ubam
819 4095 898 4158 male
914 4092 1099 4177 transigant.

582 4214 611 4275 'l
672 4256 682 4276 ·

135 4319 253 4404 Neque
266 4317 387 4383 debent
394 4362 404 4395 ,
425 4215 592 4401 quiuaitbi
604 4235 768 4391 siibiunt,
788 4333 861 4392 eum
874 4308 965 4377 altari
975 4322 1097 4396 partem

57 4421 214 4505 aoeipere.
396 4477 399 4481 ,

90 4526 161 4573 ltatt.
180 4522 226 4582 op.
243 4521 272 4572 Τ.
282 4517 327 4569 tv.
707 4508 728 4580 9
