2618 5108
189 840 261 919 ua
489 834 694 915 rmum
742 787 956 940 nuga

582 1031 839 1098 Francisctss.

208 1174 212 1185 ·
260 1138 384 1200 Ros-tis
399 1144 490 1207 sunt.
521 1148 557 1199 ct
570 1143 806 1214 summates,
834 1154 878 1197 eo
902 1134 1035 1219 utrique
1051 1133 1222 1198 necatio·

188 1252 262 1312 ses,
290 1254 359 1320 quo
376 1234 469 1300 iatius
488 1255 602 1300 eorum
620 1246 707 1317 patet
724 1236 844 1319 rapina.
893 1237 974 1299 un
992 1236 1116 1320 ubique
1133 1244 1220 1311 sust,

191 1354 304 1420 nsque
322 1355 459 1421 usquam
476 1357 544 1403 nou
562 1336 754 1419 prudentur.
798 1335 838 1400 ln
856 1336 1042 1418 Principum
1060 1335 1157 1412 auiis,
1184 1335 1223 1399 iar

188 1435 353 1501 civitatum
372 1438 540 1501 Senatibus
560 1451 593 1503 et
612 1436 772 1515 decuriis,
794 1436 826 1500 in
845 1436 978 1518 publicis
998 1437 1222 1514 conventibus,

191 1548 225 1601 et
244 1538 375 1620 priuatis
396 1539 699 1617 consultationibus,
719 1537 852 1615 militie,
872 1535 980 1615 domi,
1011 1538 1045 1601 in
1064 1538 1169 1614 bello,
1190 1548 1225 1600 et

190 1637 226 1703 in
247 1660 336 1722 pace.
385 1640 537 1726 Denique
557 1662 665 1707 rerum
696 1640 799 1722 capita
817 1650 892 1703 sunt
911 1638 970 1716 bi,
1001 1638 1226 1723 habenturque

189 1750 227 1807 tst
245 1740 351 1825 promi
369 1753 404 1805 ct
421 1742 519 1819 condi¹
536 1745 642 1827 legum
661 1763 698 1805 ac
716 1740 814 1825 juris,
833 1761 941 1827 neque
952 1737 1023 1805 sine
1038 1741 1085 1803 his
1104 1740 1227 1823 guber·

190 1841 280 1909 natio
300 1853 360 1907 est.
399 1840 609 1909 constituunt
633 1856 739 1908 autem
758 1842 889 1926 imperia
907 1842 985 1925 ipsi,
1016 1855 1049 1906 ct
1065 1843 1226 1909 mutandis

188 1962 300 2011 mutu
319 1943 476 2024 statibus,
495 1965 570 2011 curu
588 1946 701 2010 volunt
720 1956 848 2010 autores
867 1946 960 2010 fiunt.

593 2063 813 2128 Huttenns.

265 2164 415 2248 Quorum
429 2162 546 2229 Scriba
561 2175 666 2229 totum
680 2164 836 2248 regebant
847 2156 1099 2228 Maximitianum
1116 2160 1224 2242 nobis,

188 2266 316 2351 sottqur
336 2265 423 2347 apud
451 2284 526 2329 eunt
551 2274 699 2347 potentes
720 2274 829 2342 crant,
861 2275 894 2329 ct
920 2265 1130 2331 abutebautur
1151 2264 1229 2329 sint·

188 2364 264 2451 piici
293 2363 466 2446 Principe,
499 2375 535 2428 ut
564 2366 726 2430 volebant.
779 2366 811 2432 A
843 2386 909 2450 quo
942 2365 1098 2450 quicquid
1127 2367 1227 2450 gratis

188 2464 418 2548 inpetrabant,
448 2463 516 2530 aliis
543 2463 606 2548 ἱρή
636 2485 697 2548 pro
728 2466 866 2549 pecunia
893 2464 1095 2544 vendebant,
1128 2477 1228 2553 atque

188 2566 304 2633 borum
325 2577 393 2632 erat
420 2564 503 2631 iilius
522 2565 676 2648 pecunia,
706 2588 778 2632 nrm
806 2566 906 2633 insius
937 2589 1005 2632 non
1029 2579 1108 2633 erat.
1145 2572 1229 2652 Qu·

190 2668 351 2753 siquando
370 2671 465 2733 etiarn
483 2666 664 2733 necessario
684 2668 787 2732 danda
813 2678 881 2732 erat
899 2669 954 2744 iis,
988 2668 1105 2753 quibus
1124 2669 1227 2735 debe·

191 2768 308 2849 batur,
328 2781 433 2835 tamen
452 2769 565 2836 scribis
584 2770 698 2834 licebat
712 2765 896 2852 praecipere.
934 2769 1039 2833 Etiam
1055 2770 1135 2835 betta
1151 2790 1229 2837 ctam

189 2871 341 2959 gerebat,
368 2882 616 2957 quantacunque
635 2870 832 2947 difficultate,
861 2873 908 2934 his
929 2872 1039 2948 tiabat,
1074 2870 1228 2935 militibus

188 2994 257 3040 non
274 2973 377 3037 dabat.
398 2972 664 3056 Putiebaturque,
686 2973 763 3036 dum
778 2973 974 3037 satisfaceret
984 2972 1228 3055 improbissime

189 3076 319 3141 illorum
335 3072 519 3157 cupiditati,
541 3073 608 3152 (cui
624 3084 726 3137 tamen
743 3073 953 3137 satisfaciebat
970 3075 1149 3159 nunquam)
1169 3077 1231 3143 sed

190 3175 269 3241 dum
291 3173 379 3257 petiti
399 3186 564 3257 compotes
583 3176 698 3238 fierent
719 3173 797 3257 ipsi,
818 3174 1004 3247 obsidiones
1024 3175 1126 3251 solvi,
1146 3198 1229 3261 pug-

190 3296 249 3341 ttsa
268 3287 323 3339 aut
342 3274 524 3350 detrectari,
549 3286 602 3338 atrt
622 3277 702 3339 male
716 3276 868 3361 pugnari,
891 3278 1051 3341 exercitus
1070 3278 1230 3357 diffluere,

190 3374 299 3445 socios
319 3375 439 3440 suxiiio
458 3364 609 3453 destitui,
631 3376 728 3440 urbes
749 3376 947 3460 expugnari3
975 3374 1009 3441 iu
1028 3399 1171 3458 sumata,
1193 3418 1228 3433 -

190 3478 325 3563 optimas
346 3476 532 3543 occasiones
561 3476 723 3559 praeterire
752 3476 885 3541 sinebat.
937 3479 1055 3564 Neque
1069 3481 1145 3547 sere
1165 3482 1228 3548 utta

190 3592 259 3646 erat
274 3592 357 3645 tanta
374 3579 567 3655 necessitas,
587 3575 639 3639 cui
653 3597 719 3639 uon
737 3578 903 3659 preferret
920 3580 1035 3643 horum
1052 3582 1227 3665 libidinem.

190 3680 322 3747 Amicos
343 3693 448 3746 atatem
469 3695 502 3743 et
520 3678 664 3742 inimicos
685 3679 820 3743 habebat
840 3702 880 3742 cx
902 3703 1014 3744 eorum
1034 3685 1226 3770 plerumque

191 3783 365 3845 voluntate.
425 3778 660 3846 Contemnebat
697 3802 761 3860 prro
791 3779 838 3844 his
866 3782 1027 3866 principes
1057 3784 1164 3862 viros,
1192 3804 1229 3848 ac

191 3879 349 3947 uobiiitati
377 3878 566 3963 preferebat
584 3901 642 3944 eos
674 3882 941 3963 pertinacissimc;
975 3904 1168 3969 qttamquasn
1197 3896 1231 3951 et

190 3983 318 4048 nobiles
348 3981 484 4045 iaciebat
504 4003 563 4044 eos
587 4004 623 4046 ae
642 3983 841 4065 Principes,
861 3982 1013 4066 imprimis
1030 3984 1230 4069 Episcopum

191 4084 307 4163 istum,
339 4106 436 4170 quem
457 4105 516 4165 ego
544 4086 663 4149 audere
692 4085 776 4159 vidi,
803 4085 932 4164 publico
955 4085 1131 4150 Germanica
1150 4109 1231 4151 con·

190 4186 267 4251 cilio
286 4208 359 4250 cum
378 4187 507 4250 summis
527 4187 730 4269 Principibus
750 4206 895 4270 pugnare
920 4188 962 4249 de
994 4208 1075 4264 oco,
1106 4210 1231 4255 novun

189 4287 361 4366 beminen,
381 4298 414 4356 ct
433 4287 466 4352 in
485 4289 588 4352 aulam
608 4287 746 4371 pedibus
767 4287 823 4371 qui
843 4300 973 4354 venerat
993 4289 1082 4354 albis.

594 4391 817 4453 Mercator.

266 4487 373 4575 Cujus
391 4501 481 4575 pater
505 4492 555 4556 iac
573 4490 732 4556 vendebat
753 4490 936 4576 Augustas,¹
959 4492 1099 4558 deformi
1117 4493 1231 4559 invec-
