2618 5108
200 791 276 885 464
546 791 706 893 Spongia
728 793 872 871 Erasmi

201 995 255 1057 tur
270 985 464 1067 pertrahere
499 983 629 1049 Interim
647 984 700 1063 ait,
720 986 994 1072 memmingen,
1014 1009 1086 1053 curn
1107 983 1228 1052 denen

200 1086 337 1168 pedihrm
354 1087 488 1148 haeream
505 1086 695 1149 infectione
714 1089 916 1165 Ludimus,
946 1093 997 1151 rel
1017 1090 1113 1151 libros
1133 1106 1226 1151 neon

201 1197 337 1257 suturas
363 1187 403 1249 eb
421 1186 515 1266 ipsis,
546 1185 575 1249 si
594 1208 656 1268 ego
676 1188 811 1252 maxime
840 1189 1002 1251 defecero.
1043 1192 1158 1269 Quaeso
1178 1199 1223 1266 te,

200 1288 317 1364 lector,
347 1287 402 1370 qui
428 1289 492 1349 hnc
520 1287 645 1363 scribit,
675 1300 708 1350 et
734 1290 789 1372 qui
816 1288 977 1352 minitatur
1005 1289 1114 1351 nescio
1143 1309 1224 1370 (pras
1239 1344 1253 1358 ,

202 1388 347 1470 epistolas
368 1408 515 1463 mennas,
538 1409 600 1470 que
620 1388 725 1451 ironte
745 1389 879 1471 flagitat,
909 1402 943 1451 ut
963 1389 1138 1469 proferam,
1166 1389 1226 1472 qui

200 1487 320 1560 technis
357 1509 393 1550 sc
420 1489 453 1550 ri
485 1509 534 1551 me
569 1501 725 1552 conentur
759 1491 941 1568 pertrahere
979 1491 1011 1551 in
1052 1488 1226 1553 factionem

200 1589 436 1667 Lutherarmm?
467 1590 530 1653 Sed
550 1590 606 1673 qni
631 1592 725 1652 heret
755 1589 868 1651 defixis
899 1590 1059 1671 pedibus?
1092 1590 1131 1664 is,
1165 1591 1230 1671 qui·

201 1700 362 1772 perpetuo
396 1701 428 1751 et
456 1701 635 1763 constanter
667 1701 827 1752 aversatus
859 1701 908 1752 est
944 1691 1130 1765 sectionem,
1166 1688 1229 1773 qui
1275 1752 1280 1759 ,

202 1792 385 1859 dehortatus
412 1801 459 1852 est
486 1791 627 1855 omniurn
659 1789 779 1871 primus
816 1813 835 1852 e
859 1790 1039 1872 periculoso
1065 1789 1224 1870 negotio?

203 1893 302 1976 Quod
320 1890 354 1953 in
374 1890 459 1954 libris
479 1890 557 1954 meis
578 1901 642 1966 est,
663 1890 795 1952 inficiari
815 1912 880 1951 non
900 1912 1046 1970 possum,
1067 1903 1099 1952 et
1118 1893 1230 1953 hacto·-

200 2014 262 2081 ηας
282 2002 396 2054 tutatus
416 2013 488 2055 sum
505 1991 627 2073 absque
649 1990 799 2069 presidiis
820 1990 962 2051 Hutteni.
1001 1991 1096 2070 Quod
1109 1990 1137 2051 si
1151 1989 1224 2052 iibri

198 2093 264 2164 mei
282 2094 435 2156 docerent
454 2093 580 2166 cedem,
601 2113 669 2173 quer
689 2091 783 2152 docet
802 2091 979 2165 Ludimus,
1000 2111 1072 2153 cum
1092 2092 1228 2157 trabeam

200 2204 262 2257 tant
281 2196 397 2256 multos
416 2190 582 2272 insigniter
603 2190 761 2265 irienses,
781 2190 862 2252 idem
882 2191 1011 2253 honoris
1030 2192 1223 2266 retulissent,

201 2294 291 2378 quod
311 2294 486 2354 retulerunt
501 2290 571 2353 iibri
584 2290 728 2352 Lutheri.
764 2293 809 2360 „A
822 2290 914 2351 nobis
927 2292 1087 2367 stabunt“,
1107 2292 1229 2374 inquio

201 2394 233 2456 Α
255 2391 396 2474 quibus?
419 2390 529 2452 Tetios
548 2392 609 2452 hoc
629 2412 821 2469 pronomen:
840 2392 950 2466 nobis,
971 2392 1127 2467 occurrit,
1147 2413 1228 2455 curn

198 2493 375 2555 Huttennm
409 2511 469 2552 nec
504 2491 665 2553 Lutherus
702 2504 866 2575 agnoscat,
911 2515 1015 2575 neque
1052 2493 1227 2575 quisquam·

200 2593 403 2671 Lutheranus
424 2593 518 2673 poulo
538 2592 721 2655 cordatior..
756 2593 867 2656 Similis
886 2593 994 2655 sariure
1014 2604 1060 2653 est
1079 2604 1111 2653 et
1130 2593 1227 2671 iuuit„

199 2695 288 2779 (prod
309 2693 483 2767 minitetur:
504 2693 608 2770 „iore,
630 2705 665 2754 ut
683 2694 710 2755 si
734 2695 811 2776 quid
830 2694 977 2758 acciderit
996 2692 1075 2772 parti
1096 2693 1220 2757 Lume-

197 2818 297 2877 rprm,
324 2793 526 2857 nihilominus
551 2816 607 2856 me·
621 2805 730 2856 tractet
749 2815 821 2876 pars
842 2794 974 2870 victrix,
1008 2815 1102 2875 quem
1128 2800 1217 2870 nos:

197 2895 313 2980 inquit.
348 2894 449 2979 Atqui
468 2916 531 2976 ego
550 2905 622 2956 non¹
636 2894 737 2956 indixi
756 2896 871 2958 beilum
887 2893 1035 2957 Pontifici
1054 2895 1217 2970 Romanog

201 3018 269 3071 uon
287 2997 399 3076 scripsi
420 2997 558 3076 poetilius
576 2995 609 3056 in
634 2996 754 3057 Bulinm
767 2996 946 3068 Porrtiticis3
968 3016 1032 3057 non
1053 2997 1228 3073 professus»

198 3118 269 3165 eum
295 3108 509 3177 protectorem
534 3096 720 3157 Lutheranae
746 3095 913 3169 iectionis&
942 3117 1008 3156 non
1034 3095 1226 3159 adversatus
1270 3107 1276 3117 ”

199 3217 269 3258 erim
289 3197 394 3257 edicto
415 3195 558 3258 Censoris.
596 3195 681 3274 Quid
692 3206 794 3258 nutem
808 3195 870 3259 sibi
880 3198 949 3256 vuit
960 3195 1052 3257 iilud:
1074 3195 1219 3278 „siquid

198 3296 347 3373 occiderit
357 3296 387 3356 '3¹‘
408 3299 461 3358 An
482 3317 548 3357 non
567 3297 657 3376 piene
677 3297 773 3357 vincit
792 3318 828 3356 ec
847 3307 956 3376 regnat
977 3316 1047 3374 pars
1070 3297 1225 3361 Lutirerm

198 3395 350 3461 uiueret
380 3397 437 3457 nn,
453 3416 518 3456 non
538 3397 686 3457 hactenus
712 3397 864 3458 inermem
883 3417 933 3458 rue
958 3395 1093 3474 exposui
1115 3399 1222 3461 omni*

197 3498 282 3577 hus?
304 3496 390 3578 Quid
410 3498 524 3558 iactum
545 3507 592 3558 est
615 3497 769 3558 Ernsmo?
799 3497 904 3560 Caesnr
923 3498 1108 3571 honoravit3
1127 3499 1225 3568 idem,

197 3599 275 3681 fecit
299 3599 325 3661 F
328 3598 534 3672 adimendum
565 3596 718 3661 Pontifex
740 3599 831 3660 offert
856 3609 887 3660 et
904 3597 1068 3660 amicitiam
1096 3610 1128 3659 et
1147 3600 1227 3662 son.

198 3713 322 3773 tunam
361 3709 480 3760 tanturn
512 3695 613 3759 insani
640 3698 769 3778 quidem·
791 3698 931 3759 tremunt
955 3698 987 3759 in
1008 3718 1077 3772 mo,
1106 3699 1228 3765 devoti.

199 3801 307 3869 hostes
327 3799 482 3860 bonarum
502 3797 677 3872 literarum,
704 3798 818 3879 quibus
842 3799 1000 3860 Huttenus
1028 3800 1089 3859 hoo
1108 3799 1216 3864 libello

200 3900 300 3962 votuit
320 3899 500 3981 gratificari,
530 3910 617 3960 certe
636 3899 825 3980 gratificatus
845 3909 901 3959 est.
941 3901 1138 3981 Quamquam
1159 3901 1227 3984 qui.

200 4011 433 4082 persequuntur
453 4001 645 4074 Humerum,
674 4019 739 4059 non
761 3998 818 4058 iste
836 4019 1027 4078 magnopere
1047 4000 1216 4079 objiciunt.

201 4102 280 4177 Sunt
295 4099 354 4161 aiio
371 4101 526 4182 quedam,
548 4099 708 4181 inquibus
727 4099 842 4159 fatetur
861 4119 909 4160 me
925 4121 991 4161 non
1010 4099 1226 4179 conjunxisse·

199 4201 286 4271 eocia
311 4222 404 4264 armo.
454 4202 495 4261 Et
520 4200 559 4262 ab
587 4199 634 4262 his
660 4199 784 4273 amicis,
816 4200 885 4279 pius
918 4211 964 4260 est
995 4199 1036 4261 iiii
1066 4202 1209 4280 periente

201 4322 295 4386 quarn
314 4301 515 4374 ePontifice‚
538 4300 589 4361 cui
609 4298 672 4378 jam
692 4299 813 4381 pridem
833 4299 946 4360 betium
967 4298 1089 4363 indum
1110 4305 1214 4382 Quam

200 4403 353 4477 akocitcr,
376 4412 480 4475 autem
509 4400 664 4482 exagitat,
701 4401 791 4495 quod
818 4398 933 4463 alieubi
961 4398 1090 4482 scripsi:
1121 4423 1214 4476 ‚um
