2618 5108
382 88 625 328 ,mn
656 312 695 319 n.

159 837 233 912 tol
333 837 477 912 Erasmi
502 839 547 911 ad
573 837 649 911 Ulr.
677 836 887 940 Zwinglium
911 841 1026 938 Epist.

153 1030 230 1094 serit
249 1032 444 1094 virulentins.
483 1031 525 1089 Et
544 1026 670 1089 interim
689 1028 793 1100 anxit,
823 1041 858 1092 ut
877 1032 989 1106 audio,
1022 1032 1175 1106 libellum,

154 1132 243 1213 quasi
272 1153 382 1214 parum
414 1131 458 1192 ibi
487 1129 600 1190 fnisset
628 1128 760 1204 veneni,
797 1150 858 1204 nee
883 1132 1008 1193 videtur
1033 1155 1176 1215 unquam

150 1232 291 1294 facturus
333 1233 444 1305 linem,
482 1239 688 1310 posteaquam
723 1232 819 1290 semel
855 1231 969 1292 bellum
995 1232 1109 1292 indixit
1143 1245 1176 1295 et

151 1332 254 1394 Musis
274 1344 305 1394 et
326 1331 451 1392 Gratiis.
491 1329 649 1410 Equidem
668 1350 733 1389 non
749 1329 877 1391 invideo
894 1332 936 1391 illi
950 1333 1174 1395 Helvetiorum

150 1413 388 1507 humanitatem,
425 1431 481 1514 qni
501 1429 679 1489 concedunt
696 1429 845 1505 latebras,
873 1453 938 1512 qno
958 1443 1043 1492 tntns
1064 1433 1102 1492 sit
1125 1420 1173 1494 in-

147 1533 238 1595 terim
269 1533 308 1594 ab
335 1534 383 1595 his
415 1531 471 1610 qni
502 1541 657 1593 venantur
683 1529 769 1590 illum
802 1531 841 1591 ad
871 1532 1067 1611 supplicium.
1107 1535 1173 1595 Sed

70 1641 74 1665 '
147 1642 251 1695 tamen
272 1634 446 1693 cnrnnrlnm
466 1643 532 1706 est,
565 1652 605 1691 ne
634 1630 677 1690 sic
707 1631 851 1691 ahntntnr
871 1633 1090 1693 llelrelinrnm
1112 1636 1171 1694 lm·

145 1733 308 1807 mannate,
335 1744 369 1792 ut
390 1732 473 1812 apud
493 1751 548 1791 eos
569 1741 636 1790 tuto
656 1728 793 1801 latitans,
826 1734 900 1793 tales
922 1733 1041 1794 libellos
1063 1731 1171 1812 ejacu-

145 1835 226 1895 letnr
247 1835 278 1893 in
299 1833 399 1914 capita
421 1833 632 1914 quorumlibet
654 1832 693 1891 de
715 1831 824 1892 studiis
846 1832 977 1910 publicis
999 1835 1079 1893 bene
1104 1858 1170 1896 me-

144 1933 297 2008 rentium,
332 1932 455 1994 interim
489 1954 547 1993 nec
577 1929 725 1992 Pontifici
749 1916 911 2009 marcens,
947 1955 1006 1993 nee
1039 1933 1168 2012 Caesari,

142 2054 204 2097 nec
217 2033 391 2097 Germaniae
406 2032 622 2112 Principibus,
644 2052 679 2092 ne
691 2053 731 2093 ne
745 2032 896 2093 Helvetiae
915 2034 1043 2114 quidem
1063 2039 1169 2115 gentis

142 2134 352 2215 integerrimis
382 2132 475 2208 viris,
519 2153 656 2215 qnorum
682 2131 721 2192 (le
750 2153 883 2195 numero
912 2147 959 2193 est
985 2147 1169 2206 Lndonicus

142 2244 253 2299 Berns.
304 2236 380 2295 Haee
408 2233 557 2315 qnoniam
588 2231 694 2294 scribit
724 2235 809 2311 apud
839 2235 1003 2296 Helvetios
1030 2238 1166 2319 lnlitans,

143 2334 349 2403 metuendum
368 2344 434 2407 est,
463 2354 503 2393 ne
532 2333 609 2415 qnid
633 2334 705 2395 hine
727 2334 800 2396 olim
827 2334 1167 2413 irrvirlinnrrtirreon1÷

142 2435 228 2501 morli
248 2433 414 2512 perveniat
433 2434 472 2494 ad
491 2435 571 2495 hanc
590 2446 731 2515 gentem,
760 2458 853 2517 qnam
875 2450 1018 2516 optamus
1039 2441 1167 2518 publica

141 2533 378 2617 tranquillitate,
421 2532 606 2614 cunctisque
648 2536 741 2597 bonis
793 2558 861 2597 esre
901 2539 1164 2606 florentissimam.

139 2635 223 2700 Nihil
244 2647 348 2699 antem
368 2633 490 2697 facilius
512 2656 604 2716 qnam
625 2656 731 2696 serere
751 2637 897 2711 dissidia,
927 2661 1023 2719 qnnm
1043 2641 1163 2706 diffieil-

137 2736 246 2808 limum
266 2732 444 2799 sir'nederi
463 2737 543 2798 malo
565 2739 764 2798 semelnato.
804 2739 892 2799 Bene
913 2742 993 2800 vale.
