2618 5108
135 823 211 892 282
281 817 339 892 sd
362 816 634 917 Imperatorem
660 817 847 893 Caesarem
873 817 1046 892 Carolum

138 1009 255 1086 multa,
285 1007 349 1075 imo
379 1007 473 1073 vobis
506 1031 572 1073 non
593 1011 782 1084 consulunt,
809 1007 869 1071 nisi
890 1010 979 1091 quod
997 1009 1076 1073 utile
1095 1031 1168 1074 esse

138 1108 184 1173 illi
203 1109 312 1174 sciant.
362 1112 400 1174 Id
426 1111 516 1195 quod
546 1109 797 1173 manifestissime
818 1110 945 1171 videres
965 1131 1051 1172 nunc
1071 1131 1169 1193 agere

140 1232 215 1288 eos‘,
245 1209 306 1274 nisi
336 1222 434 1274 totam
463 1227 548 1275 tuam
578 1221 715 1274 mentem
743 1221 950 1288 occupassent
977 1222 1059 1273 ante.
1105 1211 1171 1273 Sed

140 1332 260 1374 revoca
288 1310 327 1374 ab
353 1334 463 1376 errore
482 1324 524 1376 te.
577 1312 675 1393 Eripe
695 1322 814 1373 tantum
846 1311 961 1390 pignus
989 1313 1073 1372 malae
1092 1310 1170 1374 fidei

143 1412 396 1494 possessoribus,
418 1424 449 1474 et
468 1412 515 1475 his
535 1413 652 1496 redde,
680 1433 816 1495 quorum
837 1433 906 1474 esse
927 1411 1093 1492 proprium
1114 1413 1171 1474 de·

143 1514 207 1576 bet.
253 1515 368 1597 Neque
398 1535 460 1597 ego
486 1534 567 1575 ,cum
598 1516 659 1575 hoc
693 1513 765 1574 dico
786 1510 934 1593 injuriam
953 1514 1037 1574 laeio
1057 1515 1172 1575 sanctis

144 1613 310 1695 Episcopis
326 1626 357 1676 et
370 1614 605 1690 sacerdotibus,
625 1613 715 1674 etiarn
727 1614 769 1674 illi
779 1615 807 1688 ⁴)
827 1614 854 1676 si
873 1617 948 1676 tales
971 1615 1051 1690 sint,
1075 1636 1174 1678 occu·

144 1714 215 1795 pari
234 1714 317 1776 haud
341 1735 481 1796 unquam
502 1715 598 1777 velint
615 1714 711 1778 rebus
731 1714 857 1776 minime
876 1716 915 1775 ad
935 1738 969 1777 se
989 1715 1174 1797 pertinenti·

144 1814 216 1877 bus.
256 1816 463 1896 'l'emplorum
483 1815 567 1878 enim
587 1826 705 1896 spectat
722 1815 762 1876 ad
781 1837 836 1878 eos
853 1836 946 1891 cura,
969 1817 1105 1878 officium
1125 1828 1174 1879 est

146 1916 328 1990 monendo,
349 1916 564 1992 exhortando,
597 1917 803 1997 perdocendo
832 1918 985 1997 prodesse
1013 1917 1172 1994 omnibus,

59 2045 70 2066 κ
146 2035 265 2079 nocere
297 2016 433 2092 nemini,
467 2016 597 2079 sollicite
638 2016 766 2091 videre,
806 2037 847 2078 ne
883 2017 960 2098 quid
996 2016 1174 2080 animorum

147 2119 285 2181 errando
306 2128 432 2198 pereat,
453 2119 542 2200 quod
560 2117 666 2178 facere
686 2137 751 2178 non
773 2117 1034 2197 possunt‘simul,
1056 2129 1087 2180 et
1100 2141 1175 2201 reg·

81 2269 83 2272 ,
149 2239 265 2282 norum
284 2220 333 2280 hic
351 2240 387 2280 se
408 2220 491 2280 euris
518 2217 688 2298 implicare.
737 2218 781 2279 At
799 2238 879 2279 vero
899 2218 1043 2280 homines
1062 2240 1175 2302 super-

147 2317 269 2380 bissimi
289 2329 322 2378 ct
340 2317 604 2390 libidinosissimi,
637 2317 846 2397 episcopalem
877 2329 997 2380 tanturn
1018 2321 1174 2382 honorem

130 2457 132 2462 -
148 2418 264 2497 cupide
278 2419 413 2492 adeunt,
439 2438 521 2480 onus
535 2419 711 2480 detrectant
725 2419 1015 2495 contumacissime,
1033 2441 1175 2483 commo·

145 2517 224 2578 dum
242 2519 406 2594 affectant,
437 2518 612 2579 molestiam
632 2520 857 2596 adversantur,
890 2522 1012 2582 lucrum
1035 2543 1176 2604 sequun-

146 2627 213 2694 tur,
238 2618 387 2681 laborem
419 2618 673 2701 subterfugiunt,
713 2641 841 2702 cunque
871 2621 960 2683 titulo
990 2633 1022 2683 et
1046 2621 1176 2685 nornine

146 2730 334 2799 arroganter
360 2719 586 2795 intumescant,
631 2741 728 2782 censu
757 2720 828 2799 ipso
850 2722 1113 2784 abundantissime
1142 2745 1177 2786 se

150 2823 351 2903 opulentent,
374 2842 472 2903 opere
491 2822 616 2882 interim
637 2832 667 2883 et
687 2821 790 2883 officio
811 2843 870 2883 suo
890 2822 934 2884 ita
953 2844 988 2886 se
1009 2824 1176 2899 abstinent,

148 2933 184 2985 ut
209 2924 271 2986 boc
292 2923 381 3006 quod
401 2923 534 2984 maxime
560 2934 649 2997 sunt,
684 2932 887 2984 contemnere
918 2944 975 2985 eos
1001 2925 1177 2988 videamus.

150 3023 214 3084 Ubi
234 3024 408 3085 videndum
427 3022 484 3085 tibi
505 3024 698 3104 Imperator,
719 3044 759 3084 ne
775 3046 837 3106 qua
851 3024 924 3087 inde
941 3027 979 3086 ad
995 3037 1025 3086 te
1043 3047 1177 3109 quoque

148 3142 221 3202 pars
240 3127 338 3206 culpae
355 3123 450 3201 hujus
466 3126 634 3186 redundet.
689 3126 795 3188 Debes
811 3126 895 3187 enirn
909 3127 1091 3204 permittere
1110 3128 1176 3189 suis

149 3222 219 3286 illos
240 3225 353 3286 muniis
374 3246 480 3307 neque
503 3247 520 3286 a
541 3223 636 3287 sacris
659 3228 697 3287 ad
717 3228 849 3306 prolana
863 3229 1003 3300 trabere,
1025 3228 1117 3289 etiam
1138 3229 1178 3290 ad

153 3323 253 3386 aliena
285 3326 436 3388 abeuntes
468 3327 506 3388 ad
535 3348 591 3387 sua
619 3329 789 3388 retrahere.
836 3330 929 3389 Nunc
949 3348 1028 3389 vero
1050 3339 1085 3387 ut
1103 3339 1179 3414 sunt

151 3448 221 3502 res,
242 3427 273 3488 in
295 3428 458 3490 consilium
480 3429 628 3490 adhibere
648 3430 748 3490 fortes
768 3428 874 3503 viros,
902 3450 961 3489 nec
984 3428 1179 3490 abutendum

150 3539 183 3592 te
203 3530 382 3608 permittere
403 3529 541 3591 delicatis
561 3528 626 3589 istis
653 3529 860 3591 etmollibus.
912 3531 1057 3607 Quorum
1078 3530 1105 3590 si
1126 3527 1180 3589 ali·

153 3631 225 3714 quis
245 3631 285 3693 sit
305 3653 399 3706 usus,
421 3641 522 3691 tamen
543 3630 736 3710 ineptissime
756 3630 899 3703 videtur,
918 3641 955 3690 ut
973 3628 1077 3689 talium
1099 3629 1182 3690 arbi-

151 3732 213 3794 trio
234 3745 362 3816 regatur
391 3732 569 3795 Germania.
624 3733 732 3793 Solent
754 3731 837 3790 enim
866 3730 995 3791 studere
1015 3733 1179 3811 voluptati,

152 3853 189 3894 ac
209 3833 240 3894 in
262 3835 329 3896 otio
349 3848 478 3916 torpere
494 3845 525 3893 et
539 3835 672 3915 ignavia.
713 3832 902 3893 Graviorctn
916 3833 1182 3894 consultationem

152 3955 218 3994 non
241 3935 423 4008 admittunt,
456 3935 562 4015 itaque
583 3947 614 3994 et
632 3934 788 4014 accipiunt
818 3945 849 3995 et
869 3933 942 3993 (lant
964 3935 1003 3994 ad
1019 3934 1182 3996 libidinem

154 4035 274 4111 omnia,
296 4037 328 4097 in
343 4037 448 4097 fronte
465 4046 656 4096 ostentantes
677 4036 727 4114 pie
744 4033 816 4095 satis
835 4057 868 4096 se
883 4046 913 4094 et
927 4034 1087 4114 religiose,
1109 4057 1182 4096 cum

110 4195 112 4203 ,
153 4139 187 4200 in
199 4159 327 4200 secessu
337 4137 536 4218 turpitudinis
549 4136 668 4209 serant,
683 4134 850 4196 dedecoris
868 4155 904 4194 ac
916 4137 1041 4197 sceleris
1056 4136 1182 4197 abunde

153 4241 236 4305 satis.
288 4239 411 4317 Quibus
433 4250 554 4311 tamen,
588 4237 614 4298 si
635 4237 712 4298 boni
732 4236 811 4308 sint,
842 4247 873 4296 et
894 4238 1002 4317 quales
1034 4257 1103 4297 esse
1125 4257 1182 4297 eos

153 4347 256 4420 decet,
276 4339 488 4405 reverentiam
508 4339 605 4402 debes
626 4351 657 4400 ct
678 4338 934 4412 venerationem,
955 4355 1054 4418 regna
1075 4346 1106 4398 et
1126 4335 1184 4395 im·

155 4495 383 4510 μ

191 4555 220 4620 ¹⁶)
240 4565 302 4609 llll:
319 4559 352 4608 hi.
