2618 5108
395 769 443 842 ad
468 766 663 867 Spongiam
688 769 844 845 Erasmi.
959 796 962 802 ·
1052 776 1128 863 5³4⁹

104 963 265 1026 decretum
291 972 338 1026 est
368 981 523 1044 pugnare.
564 963 727 1042 Quantum
753 963 794 1026 ad
822 981 872 1026 mo
892 973 1028 1044 spectat,
1059 985 1132 1039 non

105 1064 288 1127 detrectabo
315 1084 452 1145 pugnam
470 1074 590 1136 tecum,
612 1062 784 1126 amicorum
800 1083 909 1138 causa,
930 1064 1069 1147 dicoque
1083 1064 1129 1141 id,

106 1166 197 1247 quod
210 1176 243 1226 et
256 1167 416 1227 Hutteuus
436 1163 535 1238 dixit,
555 1163 724 1225 liberrime.
763 1163 796 1225 Si
815 1163 849 1224 in
868 1163 1008 1229 veritatis
1021 1165 1144 1245 auser„

103 1276 189 1330 tores
215 1288 250 1327 ac
270 1264 452 1333 Christianae
477 1263 629 1327 libertatis
656 1262 798 1339 vindices
826 1263 995 1327 scribendo
1023 1263 1131 1335 invec-

107 1377 198 1434 turus
224 1387 287 1441 cs‚.
304 1386 340 1427 ac
365 1384 425 1426 nos
446 1366 526 1450 ultra
554 1364 612 1425 tibi
638 1361 836 1427 adversarios
867 1362 1031 1444 deposcis,
1064 1384 1128 1448 ego

106 1477 215 1529 contra
243 1466 319 1528 nibil
351 1465 585 1549 animadverso,
614 1464 682 1527 sive
712 1452 857 1527 factionis
876 1463 1024 1541 nornine,
1060 1465 1130 1529 sive

106 1568 195 1649 quod
218 1565 399 1648 eloquentia
418 1564 517 1645 impar
536 1563 593 1624 tibi
612 1586 700 1641 aum,
722 1567 780 1631 sed
801 1565 1128 1663 sumbernione,

106 1689 199 1752 quam
216 1667 438 1749 persequeris,
458 1687 655 1729 communem
669 1680 780 1730 eontra
796 1680 827 1730 te
846 1686 973 1733 causam
990 1667 1129 1735 tuebor:

106 1781 139 1830 et
159 1780 281 1851 quanto
301 1769 334 1830 in
364 1789 423 1831 nos
450 1767 553 1830 aerior
581 1779 711 1829 coortus
729 1767 847 1843 fueris,
879 1780 967 1831 tanto
996 1766 1131 1848 accipian

109 1870 261 1931 intuenda
281 1890 375 1932 eausa
400 1869 577 1930 alacriores.
621 1869 663 1928 Et
690 1869 810 1933 scribes
833 1879 869 1930 tu
890 1858 1019 1952 quidem
1027 1843 1132 1940 {mutu

106 1969 328 2041 disertissime3
352 1989 531 2044 movero,
560 1966 635 2031 nihil
655 1980 801 2033 accurate
821 1970 1017 2046 excolentes,
1040 1967 1131 2052 quod

103 2068 313 2133 scribendum
329 2068 389 2130 erit
399 2069 570 2148 scriptura,
593 2069 655 2130 rita
670 2089 707 2130 ac
720 2069 899 2151 integritate
914 2067 1129 2150 probabimus.

105 2166 325 2235 ¹Coaeeruubis
345 2169 385 2230 ad
404 2183 434 2231 te
459 2168 690 2244 multitudinem
720 2167 980 2247 Curtisanorum,
1006 2184 1039 2232 et
1058 2169 1131 2241 bre·

108 2270 181 2332 olrio
204 2288 320 2330 carneo
344 2269 468 2348 tyranni
486 2268 689 2342 tuissfrrmabis
704 2284 752 2343 tc;
775 2270 941 2334 nobiscum
965 2268 1132 2337 verearis

107 2370 266 2433 Dominus
288 2371 376 2432 Deua
399 2380 522 2446 noster,
555 2369 613 2452 qui
634 2369 801 2433 auxiliator
825 2381 934 2434 noster
963 2385 1027 2449 est,
1047 2393 1130 2456 prag·

106 2485 226 2554 nanque
245 2490 305 2550 pro
327 2470 430 2535 nobis.

516 2693 708 2711 Ἀ

154 2863 309 2937 Erasmo
332 2863 586 2937 Roterodamo
618 2860 854 2955 Presbytero
878 2870 917 2937 et
939 2859 1081 2937 Scribas
1114 2820 1120 2837 ³

218 3000 306 3100 legia
330 3001 539 3076 doctissimo
554 3000 645 3071 Otto
660 2997 886 3072 Brunselsius
909 2997 945 3072 S.
970 3001 1017 3072 D.
1111 3020 1121 3055 2

559 3209 679 3229 ῃ

105 3336 313 3442 succinctius
333 3370 480 3453 praefante
498 3392 570 3435 sum
592 3381 699 3435 tecum
724 3373 764 3455 de
783 3368 958 3436 Huttenico
982 3367 1128 3451 negotio,

107 3493 204 3555 quam
221 3473 273 3534 rel
290 3492 343 3536 res
351 3470 505 3553 poscebat
524 3470 602 3554 ipsa,
621 3473 673 3533 vel
690 3469 871 3535 defensioni
888 3470 963 3533 meac
980 3468 1132 3549 expedie-

103 3573 161 3638 bat
185 3574 271 3654 apud
290 3593 368 3647 eos,
391 3571 448 3654 qni
467 3582 586 3653 temere
607 3571 743 3634 sortasse
761 3571 920 3654 putabunt
938 3571 1001 3633 hoc
1017 3587 1128 3631 muue-

103 3675 151 3747 ris
176 3673 314 3738 subiisse
339 3691 413 3735 me:
439 3678 534 3754 atque
560 3671 623 3732 hoc
650 3671 772 3735 tametsi
802 3669 872 3734 fieri
896 3668 1067 3750 oportebat
1093 3665 1128 3731 in

103 3776 264 3850 exordio,
296 3785 440 3837 tamena
464 3791 515 3834 me
541 3774 686 3835 consulto
709 3773 923 3849 factumnon
951 3780 1010 3832 est.
1057 3765 1129 3862 Pri·¹

108 3894 213 3948 tuum,
233 3884 267 3937 ut
288 3896 381 3956 quarn
395 3870 592 3955 paucissimis
612 3872 797 3953 expedirem
814 3890 884 3945 me;
905 3869 1032 3945 deinde,
1048 3887 1130 3950 quo·

103 3972 193 4045 ariam
208 3984 287 4043 nota
308 3985 375 4045 erat
394 3973 560 4055 tragoedia,
583 3982 613 4034 et
631 3985 667 4035 ut
691 3987 809 4051 tantum
829 3971 867 4034 iis
886 3971 1024 4032 facerem
1044 3965 1129 4043 satis,

104 4095 210 4157 ¹qnos,
244 4073 334 4135 amici
360 4072 561 4148 referebant,
591 4094 649 4153 pcr
670 4090 754 4137 tuam
778 4070 949 4154 Spongiam
976 4065 1128 4149 majorem

105 4173 141 4237 in
171 4174 303 4237 modum
327 4173 467 4253 offensos
484 4172 604 4248 fuisse3
629 4189 808 4255 postremo,
836 4194 879 4236 nc
901 4167 1046 4252 protinus
1070 4168 1127 4229 im·

40 4294 42 4298 ‘
104 4289 344 4353 pameputares
371 4273 465 4335 licere
495 4272 622 4336 mentiri
650 4273 707 4336 tibi
730 4295 824 4337 omne
852 4269 1066 4343 mendacium,
1093 4280 1126 4327 et

54 4393 228 4439 „cornua
253 4373 310 4437 tibi
331 4394 490 4451 sumeres,
521 4369 612 4457 quasi
635 4373 759 4461 ciceris·
770 4373 852 4458 jana,
885 4370 962 4457 quia
981 4369 1031 4432 illc
1058 4373 1124 4452 fato
