2618 5108
289 96 761 294 ‘„„..·0‹'-—‘·
805 261 822 272 '

509 794 708 898 Dialogus.
1064 795 1130 872 149

96 987 224 1054 videro.
248 990 293 1055 Et
306 1008 401 1070 nunc,
412 989 542 1074 quidem
557 988 606 1050 las
628 1009 740 1066 omne,
763 989 991 1076 Christumque
1011 992 1130 1072 Deum,
1214 1050 1221 1065 ,

93 1111 131 1154 ιο
149 1089 283 1155 coelestis
296 1089 424 1172 spiritus
435 1090 598 1155 scientiam
616 1092 838 1171 contestabor,
858 1095 977 1174 optime
990 1094 1132 1158 voluisse

95 1212 148 1257 me
167 1192 245 1276 ipsi,
278 1203 372 1276 atque
391 1193 595 1276 integerrima
614 1193 811 1257 consuluisse
831 1197 905 1258 lide.
944 1199 1060 1279 Neque
1081 1196 1129 1276 pi·'

97 1295 203 1378 gelria,
234 1294 267 1357 in
286 1295 482 1374 paucissimis
503 1296 679 1372 numerari,
712 1316 785 1358 cum
811 1296 881 1359 illos
900 1297 1018 1359 videbo
1038 1298 1130 1363 valde

95 1398 231 1472 multos,
262 1417 402 1479 quorum
422 1399 679 1480 quotusquisque
699 1409 761 1472 est,
796 1398 853 1480 qui
883 1399 1050 1462 consilium
1068 1402 1130 1463 hoc

98 1496 293 1572 adstrueret,
330 1496 391 1560 nisi
422 1499 595 1579 accepisset
627 1498 746 1580 aliquid
781 1499 822 1561 de
848 1501 1000 1579 pecunia,
1035 1521 1130 1586 quam

93 1596 262 1662 pontilicis
282 1599 412 1662 nomine
431 1599 564 1663 divisam
584 1599 654 1660 istie
673 1599 806 1662 ferunt?

518 1731 717 1795 Monitor.

170 1829 321 1916 Aliquam
338 1833 458 1897 serunt.

486 1966 750 2031 Franciscus.

170 2060 299 2150 Neque
317 2087 386 2130 non
412 2067 531 2131 sactum
562 2069 710 2131 arbitror.
761 2067 843 2130 Nam
873 2067 963 2150 quis,
994 2067 1056 2130 nisi
1086 2065 1133 2130 sic

89 2179 266 2250 corruptus
290 2169 430 2254 probare
455 2171 607 2232 voluisset
636 2170 726 2232 istam
750 2167 925 2231 insectandi
954 2168 1134 2230 Lutherum

88 2267 232 2345 rabiem,
263 2281 295 2330 et
320 2269 354 2333 in
373 2270 574 2345 manifestum
593 2272 675 2333 adeo
695 2291 856 2355 errorem,
887 2280 979 2332 atrox
997 2267 1132 2345 facinus,

88 2391 235 2454 praeceps
255 2371 326 2455 ire?

515 2489 709 2551 Monitor.

171 2589 283 2653 Virleo
315 2589 391 2652 nihil
421 2590 461 2652 ab
495 2590 612 2671 optima
643 2590 764 2652 ratione
790 2573 927 2653 alienum
957 2588 1067 2652 conari
1084 2598 1134 2672 te;

95 2688 208 2772 itaque
230 2711 295 2751 raon
316 2691 449 2772 pudebit
468 2713 518 2752 mc
543 2689 727 2765 consilium,
759 2690 851 2767 cujus
871 2692 929 2753 tibi
950 2701 1041 2753 autor
1062 2710 1133 2753 esse

89 2788 202 2867 volui,
223 2792 402 2872 improbare
421 2794 569 2873 posthac,
590 2803 623 2852 et
642 2791 770 2854 diversa
790 2791 894 2876 sequi.

491 2923 753 2987 Franciscus.

173 3026 246 3088 Hoc
267 3040 303 3089 tu
322 3025 460 3102 videris,
493 3026 570 3087 mihi
590 3027 640 3088 ille
661 3028 867 3087 vehementer
887 3044 971 3085 curae
991 3031 1057 3098 est,
1079 3018 1137 3104 qui

98 3148 176 3191 cum
196 3139 244 3190 tot
262 3149 332 3203 res,
364 3139 491 3210 tamque
511 3129 695 3189 necessariae
717 3127 865 3209 gerendae
892 3125 955 3206 jam
981 3124 1058 3199 sint,
1079 3144 1137 3184 ne·

14 3236 19 3247 “
94 3228 258 3313 quissimis
277 3229 457 3291 hominibus
470 3229 509 3291 ad
529 3228 659 3310 negotia
679 3230 795 3291 nullius
809 3228 901 3289 bonae
914 3225 1036 3307 frugis,
1058 3223 1137 3285 abu·

93 3330 229 3394 tendum
250 3351 284 3392 se
303 3330 433 3413 prabet.
473 3333 575 3410 Quam
594 3342 669 3394 sunt
687 3332 785 3392 multa
804 3329 888 3391 enim
905 3328 1028 3407 agenda
1048 3323 1137 3406 prius

90 3428 158 3509 illi,
191 3452 286 3514 quam
310 3431 484 3494 inotiosum
517 3431 766 3494 sacrificulorum
787 3428 1058 3501 sollicitationem,
1084 3423 1138 3486 ali·

14 3598 17 3603 ,
97 3532 180 3618 quid
207 3552 291 3595 curre
317 3532 480 3614 partiatur.
530 3534 610 3594 Nam
630 3544 661 3595 et
691 3530 856 3594 latrocinia
883 3527 1069 3600 inhibenda,
1100 3544 1138 3585 ac

97 3633 287 3717 monopolia
307 3634 495 3709 auferenda,
518 3645 551 3694 et
570 3632 829 3717 recognoscenda
848 3628 970 3692 infinita
988 3625 1139 3691 sacerdo·

98 3743 168 3798 tum
186 3734 340 3818 collegia,
373 3755 552 3820 magnaque
573 3756 615 3798 ex
636 3746 725 3817 parte
745 3730 964 3806 dissolvenda,
986 3740 1018 3791 et
1038 3727 1138 3791 causi·

98 3834 245 3899 ‹licorum
257 3839 488 3918 compescenda
508 3838 634 3931 rabies,
655 3857 691 3897 ac
711 3834 837 3916 publica
856 3832 983 3894 luxuria
1002 3831 1140 3893 severis·

40 3984 45 3997 .
99 3935 186 4002 sinus
214 3937 396 4000 co'e'rcenda
423 3938 568 4021 legibus,
607 3941 704 4002 multa
735 3957 903 4017 perperam
930 3933 969 3996 ab
1000 3932 1153 4024 antiquis¹

98 4036 219 4102 sancita
260 4042 469 4104 retractanda.
517 4042 592 4104 Hoc
622 4061 702 4104 vero
737 4060 830 4122 quam
861 4057 994 4100 necesse
1029 4035 1140 4137 suerit,

97 4141 279 4203 affluentem
308 4140 442 4204 fratrum
472 4153 505 4203 et
531 4144 760 4205 monachorum
781 4159 968 4213 numerum,
998 4137 1038 4198 ad
1058 4159 1141 4198 sum·

97 4261 183 4306 mam
202 4240 409 4305 raritudinem
428 4253 460 4305 et
478 4244 665 4323 paucitatem
678 4246 775 4322 longe
787 4251 960 4302 extremam
969 4234 1142 4320 redigere?

101 4353 159 4407 aut
187 4343 282 4405 ctiam
313 4363 355 4405 ex
384 4356 453 4407 toto
486 4346 616 4409 ordines
649 4343 908 4429 qui¹vocantur,
942 4340 1087 4413 alicime,
1109 4347 1142 4399 et

101 4465 233 4510 omnem
251 4447 350 4510 semel
369 4445 513 4512 aufeme
532 4444 750 4532 hypocrisim?
773 4443 933 4507 Praeterea
952 4440 1050 4503 libido
1070 4459 1143 4521 pas·
1208 4470 1212 4477 ·
