2618 5108
381 760 438 859 'ao
461 783 656 883 spongiam
679 782 834 858 nunni.
1047 787 1119 865 sos

100 979 297 1061 dispeream,
325 977 356 1051 ,rt
373 974 515 1060 digniori
533 974 626 1039 titulo
645 974 804 1058 potuisses
822 973 994 1089 iusipoiro,
1026 992 1120 1063 quem

100 1079 242 1162 Spongia
266 1080 317 1144 vel
344 1076 485 1163 pumice,
526 1089 581 1142 eut
611 1075 638 1141 si
669 1075 749 1160 quid
780 1086 829 1139 est
860 1095 952 1142 etum
981 1078 1122 1163 Spongic

99 1180 216 1244 leviusl

174 1283 373 1345 Erasmus.
410 1275 546 1340 Miseret
559 1296 607 1338 me
623 1274 756 1339 Hutteni
772 1275 998 1361 quantumlibet
1009 1275 1120 1355 bostis,

99 1380 127 1444 si
147 1381 208 1446 buc
227 1378 309 1441 illius
328 1379 463 1443 fortune
484 1376 677 1440 reciderunt.

178 1480 285 1542 Otto.
321 1479 366 1541 At
397 1477 538 1540 noudum
569 1475 756 1539 reciderent.
817 1474 886 1538 lmo
913 1476 1059 1541 miserest
1086 1487 1120 1540 te

100 1577 148 1641 tui
167 1578 291 1659 potins,
312 1578 402 1660 quod
422 1577 563 1639 videndo
582 1574 777 1652 nonnius,
796 1585 830 1638 et
846 1597 916 1640 cum
928 1578 1045 1661 debeor
1058 1595 1121 1658 pro

99 1676 250 1758 temporis
271 1676 397 1740 ratione
414 1677 528 1739 doctor
547 1696 633 1751 esse,
653 1697 780 1739 rursum
799 1697 881 1759 opus
900 1677 1012 1753 hebes,
1033 1688 1069 1765 ut
1087 1688 1121 1741 te

99 1782 292 1857 doceamus,
315 1800 385 1861 qun
403 1777 465 1840 s'mt
484 1778 636 1840 elementa
653 1774 735 1838 initii
753 1776 955 1859 eloquiorum
973 1775 1046 1841 Dei.

172 1882 375 1942 Erasmus.
410 1877 497 1954 hm,
517 1884 555 1940 ut
570 1876 685 1955 sudio,
704 1875 881 1939 numeravit
895 1878 1014 1964 aliquid
1025 1891 1119 1960 typo·
1251 1878 1254 1883 ’

99 1980 286 2140 grapllllllo.
323 2077 387 2139 llic
413 2077 583 2162 aliquando
611 2075 646 2139 in
667 2071 816 2158 jugulum
839 2074 1121 2160 recogetmeude·

99 2178 185 2240 cium
202 2178 264 2239 boc
281 2175 355 2238 tibil
471 2228 476 2239 .

176 2278 377 2340 Erorruns.
396 2276 600 2368 ‘superem‘
610 2288 648 2340 ut
667 2278 814 2340 adhorter
835 2295 945 2340 omnes
965 2276 1122 2347 bonorum
1216 2339 1224 2357 ‚

99 2375 259 2438 literarum
278 2375 455 2453 studiosos,
474 2386 528 2453 ut,
549 2374 577 2439 si
596 2377 777 2440 detestabile
796 2375 924 2441 videtur
941 2379 1122 2460 exemplum

100 2478 253 2554 Hutteui,
281 2477 320 2537 ob
338 2475 521 2556 hujusmodi
538 2475 731 2560 intemperiis
749 2477 938 2553 abstineant,
959 2498 1000 2541 ne
1018 2478 1120 2542 bonus

100 2579 204 2640 literas
225 2577 357 2639 reddent
376 2576 560 2640 invidiosos.

177 2679 284 2740 Otto.
322 2678 395 2740 Hoc
413 2677 520 2761 itaque
533 2675 722 2758 expediebat
734 2676 913 2759 reipublicae
925 2675 1120 2757 christiane,

100 2789 192 2841 etue
212 2778 302 2840 bonae
322 2777 417 2840 litere
437 2776 648 2840 redderentur
663 2776 842 2840 invidiose:
863 2779 920 2842 sed
939 2779 1015 2842 dum
1033 2789 1119 2859 sunt,
1176 2804 1179 2809 ·

101 2877 158 2962 qui
176 2900 242 2940 non
261 2870 530 2955 cessant,'hrrum
548 2876 623 2940 freti
641 2897 756 2959 opere,
778 2878 990 2961 Evangelium
1004 2880 1122 2943 colum·

101 2977 181 3042 niori
210 2988 241 3042 et
269 2980 457 3057 retundere,
492 2977 672 3041 nobishoc
697 2978 887 3041 studendum
905 2988 953 3042 est
971 2977 1120 3058 vicissim,

99 3090 136 3143 ut
155 3080 261 3161 potius
282 3078 486 3142 exturbemus
505 3098 630 3140 omnem
660 3078 888 3162 eloquentium,
920 3099 1013 3164 quam
1036 3080 1120 3148 siue·

99 3201 168 3243 mus
188 3180 228 3242 iri
246 3179 414 3241 extinctam
432 3177 589 3260 pietatem.

176 3280 372 3344 Erasmus.
409 3278 475 3359 Qui
493 3278 602 3341 fovent
620 3279 816 3362 Evangelio,
835 3278 880 3342 sic
899 3279 1026 3344 faveant
1044 3282 1119 3347 sim·
1221 3321 1223 3326 ,

99 3380 223 3464 pliciter
248 3399 284 3440 oc
308 3378 497 3458 prudenter,
518 3399 559 3440 nc
579 3379 676 3441 fidant
693 3382 887 3444 clanculariis
908 3393 939 3442 et
957 3383 1116 3469 maledicis

101 3480 212 3543 libeliis
233 3479 266 3543 iu
285 3478 489 3555 Pontificem,
516 3477 630 3562 quibus
649 3481 825 3564 Evangelio
845 3483 1018 3546 conflemus
1034 3467 1117 3567 luri·

99 3584 194 3647 diem.

175 3684 284 3749 Otto.
323 3679 376 3744 Sic
407 3679 584 3745 tenebimus
603 3683 776 3762 prudenter
802 3692 835 3745 et
854 3681 1050 3764 simpliciter,
1077 3668 1117 3773 ut

99 3784 224 3846 iuterim
247 3782 383 3847 nolimus
408 3781 520 3847 ioederi
546 3783 726 3847 Phariseico
751 3783 955 3847 traditionum
980 3785 1115 3851 Pontifi-

98 3883 222 3945 ciorum
240 3882 408 3949 fermento.
446 3883 661 3948 Clanculnrios
680 3883 801 3947 libellos
821 3906 863 3967 ex
875 3881 998 3949 'nocuis
1017 3908 1112 3952 nemo

99 3983 190 4056 edet;
210 3982 367 4044 incessere
386 4005 466 4047 vero
488 3985 645 4050 maledicis
663 3982 772 4048 libellis
791 3980 996 4063 Pontificem,
1016 3988 1114 4053 inter·

99 4087 175 4148 dum
212 4082 424 4146 existimemus
457 4085 678 4149 necessarium.
738 4087 823 4150 Dum
850 4085 933 4149 enim
967 4089 1044 4152 nihil
1071 4092 1113 4156 de

97 4183 262 4266 tyrannide
281 4183 409 4246 remittit
427 4204 501 4262 sue,
521 4200 553 4249 et
572 4210 614 4249 ex
630 4187 805 4272 Evangelio
820 4188 976 4270 quendam
994 4191 1111 4254 Lucie—
1140 4221 1145 4228 ·

98 4287 199 4348 uicem
230 4285 321 4346 nobis
347 4282 485 4347 sabulum
508 4287 599 4363 lucit,
635 4295 772 4352 orations
801 4307 837 4351 se
868 4309 966 4368 super
1004 4310 1109 4373 omne,

99 4391 186 4476 quod
205 4386 385 4450 nominetur
402 4388 506 4465 Deus,
526 4387 573 4450 sic
595 4392 776 4547 mouendpp
789 4389 1031 4473 etledotiendus
1051 4407 1110 4474 cst,

130 4495 196 4539 Hutt.
208 4491 252 4549 Op.
269 4488 297 4534 T.
308 4487 352 4539 lt.
