2618 5108
335 731 509 804 adversus
534 727 772 828 adspergines
797 678 958 803 Hutteni.
1049 722 1065 747 ⁹
1090 727 1167 823 tlt,

143 925 284 986 traherer
310 924 344 984 in
371 924 451 984 benc
478 942 610 985 arenam·
634 921 859 1004 gladiatoriam.
906 925 1062 987 Insulam
1089 942 1162 1005 pers

142 1025 335 1088 trahentibus
362 1022 502 1085 manibus
527 1043 562 1085 ae
584 1023 717 1102 pedibus
735 1026 886 1087 excusavi
906 1045 970 1097 me.
1007 1027 1161 1089 intentata

141 1147 182 1187 ex
209 1126 303 1186 altera
330 1135 418 1204 parte
443 1122 582 1202 pericula
618 1124 727 1204 partim
748 1125 918 1203 declinavi,
949 1128 1060 1208 partim
1086 1146 1165 1208 pro·¹

140 1225 281 1306 pulsavi,
301 1225 413 1303 partim
432 1225 634 1287 dissimulavi.
675 1224 791 1288 Caesari
811 1248 862 1289 me
882 1226 1038 1300 subduxi,
1059 1212 1164 1291 lortuss

144 1340 200 1387 nas
233 1326 350 1386 oblatas
383 1337 562 1387 constanter
589 1325 744 1388 recusavi.
797 1328 862 1387 'l'ot
882 1327 1085 1403 Menambis,
1113 1339 1165 1407 tot

144 1426 362 1504 Principibus,
397 1436 442 1486 tot
478 1425 582 1487 amicis
615 1427 678 1487 hue
707 1425 892 1488 vocantibus
925 1427 1075 1489 excusavi
1100 1450 1161 1493 me·

141 1528 221 1597 „Sed
245 1527 300 1606 qui
329 1538 359 1587 te
386 1526 528 1602 incitant,
564 1526 683 1609 inquit,
719 1527 869 1588 adversus
891 1526 1084 1603 Lntberum,
1107 1539 1160 1591 aut

140 1627 348 1707 potentissimi
377 1639 463 1700 sunt,
495 1639 547 1689 ant
567 1626 710 1706 pessimi,
741 1638 792 1688 aut
819 1634 1019 1710 utrumquer‘·
1055 1631 1159 1692 'l'anto

139 1729 238 1809 magis
251 1730 409 1789 lluttenns
424 1728 556 1789 debebat
578 1727 721 1790 admirari
745 1726 948 1790 constantiam
963 1750 1073 1791 meam.
1096 1730 1168 1821 Qui.

143 1829 353 1909 potentissimi
372 1841 461 1902 sunt,
482 1829 528 1890 bis
549 1827 581 1890 in
601 1826 732 1908 proclivi
753 1838 799 1888 est
821 1837 851 1889 et
869 1830 1024 1907 perdere,
1046 1842 1078 1890 et
1096 1852 1163 1893 ser·

144 1949 231 1989 vare.
283 1928 347 2009 Qui
377 1929 503 2008 pessimi
535 1938 624 2003 sunt,
656 1927 799 1988 facillime
830 1928 954 1989 laedunt.
1000 1930 1063 2010 Qui
1089 1940 1163 2005 sunt

142 2040 330 2110 utrumquc;
362 2028 459 2109 magis
490 2029 582 2090 etiam
615 2041 688 2090 sunt
719 2027 941 2090 formidabiles.
985 2031 1027 2090 Et
1059 2041 1163 2093 tamen
1246 2056 1255 2086 t

141 2132 291 2191 hactenus
321 2148 380 2188 nee
411 2128 449 2189 ab
477 2127 522 2189 bis
553 2129 683 2207 perpelli
715 2127 819 2210 potnit
838 2130 985 2190 Erasmus
1007 2128 1056 2192 ille
1075 2118 1168 2192 inlir·¹

143 2250 230 2303 mus,
253 2239 283 2288 et
299 2227 476 2302 imbecillis,
496 2239 527 2288 et
539 2229 578 2290 ad
594 2228 734 2309 quamvis
748 2250 855 2290 auram
869 2227 1003 2291 mobilis.
1031 2218 1168 2323 Interim}

143 2331 253 2391 irridet
287 2342 317 2390 et
343 2330 418 2390 illud
445 2329 534 2410 qnod
566 2328 693 2407 scripsi,
728 2339 829 2391 totum
863 2330 1012 2391 mundum
1043 2350 1159 2393 acuere

142 2432 247 2494 stilum
267 2430 298 2492 in
320 2432 511 2502 Lutbernm‚
533 2440 565 2491 et
583 2429 759 2503 minitatur,
780 2429 851 2491 lore
865 2431 1083 2507 Lutberanos,
1104 2429 1167 2523 qui¹

140 2532 245 2592 stilum
264 2542 375 2592 acuant
395 2531 426 2590 in
447 2552 513 2604 me;
543 2528 697 2611 jubetque
728 2529 787 2590 sibi
808 2532 1046 2593 commonstrari
1066 2531 1160 2595 alium

141 2635 308 2714 quemdam
328 2633 497 2706 mundum,
518 2629 608 2712 quasi
628 2629 678 2691 bic
699 2639 783 2690 totns
803 2640 863 2691 stet
882 2630 1068 2692 aLutbero.
1107 2631 1161 2693 An

140 2733 191 2794 bic
209 2753 468 2806 commemorem,
493 2752 586 2814 quarn
604 2728 693 2792 multi
711 2729 892 2811 scripserint
911 2729 944 2791 in
962 2728 1160 2792 Lutberum?

140 2834 238 2912 Apud
269 2833 380 2895 Italos:
419 2840 580 2912 Sylvester
614 2839 777 2907 Priarias,
816 2839 958 2894 Thomas
994 2839 1160 2912 Todiscus,

139 2944 280 3001 lacobus
298 2946 336 2998 de
356 2945 440 3011 Vio,
458 2943 640 2998 Catarinus.
688 2931 786 3010 Apud
816 2931 1005 3007 Germanos:
1032 2944 1160 3017 Eccius,

140 3048 173 3099 et
189 3036 343 3098 blinorita
360 3035 486 3117 quidam
500 3031 692 3114 Lipsiensis,
712 3053 828 3093 nomen
845 3031 980 3111 excidit,
1003 3043 1160 3119 Goelv'us,

140 3149 284 3200 Joarmes
302 3141 424 3210 Faber,
443 3145 473 3194 ct
494 3140 715 3196 Hoelastratus.
745 3133 842 3213 Apud
859 3133 979 3196 Gallos:
1002 3148 1067 3201 tota
1079 3142 1162 3205 Aca·

141 3235 244 3297 demia
284 3232 494 3308 Parisiorum,
546 3243 750 3296 lastinianus
794 3233 1002 3315 Augustinus.
1062 3241 1161 3318 Apud

140 3334 375 3396 Lovanienses:
388 3343 552 3410 Latomus,
570 3318 712 3398 Joannes
721 3342 956 3412 Turenlroliias,
968 3348 1159 3406 Eustatliius

142 3436 387 3509 Dominicanus,
423 3443 609 3497 Vincentius
640 3432 782 3512 ejusdem
819 3434 948 3496 ordinis.
987 3441 1038 3499 Ex
1072 3442 1158 3504 aula:

142 3549 332 3602 Merlianus
361 3531 519 3596 'l'udensis
538 3533 736 3615 Episcopus,
774 3545 805 3596 et
830 3546 996 3602 Rimuclus
1029 3537 1159 3603 Caesaris

141 3639 314 3702 asceretis.
353 3638 450 3716 Apud
463 3637 605 3717 Anglos:
623 3635 696 3695 Rex
716 3632 798 3714 ipse,
819 3647 961 3701 ioannes
980 3637 1158 3720 Episcopus

141 3741 317 3813 lloliensis,
349 3760 384 3798 ac
413 3737 523 3798 tertius
554 3733 681 3817 qnidam
710 3743 770 3794 lain
791 3741 1017 3812 amarulentus,
1045 3751 1078 3800 nt
1098 3739 1159 3820 ipsi

109 3847 113 3855 '
139 3844 284 3903 Lulbero
305 3838 403 3917 possit
429 3837 568 3898 medium
588 3854 725 3916 unguem
755 3838 933 3899 ostendere.
979 3839 1076 3917 Apud
1101 3841 1160 3902 Hi·

141 3962 274 4022 spanos:
296 3951 430 4003 Stunica
450 3952 481 4001 et
508 3952 673 4005 Ceranza.
719 3937 777 3999 llis
806 3938 885 3999 adde
905 3939 1017 4000 bullam
1038 3940 1168 4024 Leonis

141 4054 171 4102 et
192 4038 485 4101 edictnmCicsaris.
523 4042 591 4103 Jam
611 4037 734 4120 plurimi
754 4049 836 4112 sunt,
858 4037 913 4119 qui
933 4040 1073 4100 nondum
1093 4042 1159 4104 edi·

140 4143 254 4204 derunt
272 4162 344 4214 sua;
379 4140 519 4219 plurimi,
549 4141 604 4223 qui
623 4139 762 4201 nondum
783 4138 999 4212 absolverunt3
1020 4139 1155 4217 plurimi,

142 4263 223 4321 quies
251 4260 313 4319 ego
343 4262 407 4301 non
435 4240 521 4302 novi.
572 4241 647 4300 llaec
672 4238 745 4300 idco
774 4250 891 4300 tantnm
917 4259 1092 4314 recenseo,
1123 4253 1158 4302 ut

140 4342 295 4404 declarent
323 4341 525 4421 hyperbolem
551 4359 652 4403 meam
677 4339 745 4401 sine
766 4359 859 4403 causa
878 4339 998 4403 irrisam
1017 4339 1056 4401 ab
1076 4340 1157 4403 Hut·
