2618 5108
125 810 200 916 130¹
245 835 248 841 ⁸
460 803 632 881 Monitor
671 800 823 902 primus.

532 999 747 1063 Lutherus.

128 1107 130 1110 ⁵
201 1115 349 1193 Debent,
380 1117 439 1180 sed
458 1127 613 1200 quantum
634 1118 675 1181 ad
695 1117 793 1179 vitam
812 1118 947 1181 honeste
967 1117 1164 1182 tolerandam

126 1221 200 1285 satis
229 1230 294 1296 est,
326 1239 393 1279 non
424 1238 491 1302 quo
517 1219 687 1281 immodice
708 1241 743 1282 se
761 1221 966 1299 locupletent.
1014 1219 1165 1282 Ecclesia

126 1343 207 1384 vero
226 1330 360 1384 nonest
392 1340 474 1400 opus
495 1340 593 1396 auro,
625 1320 688 1383 nisi
707 1321 813 1396 forte,
841 1322 931 1402 quod
950 1319 984 1382 in
1005 1341 1164 1402 pauperes

126 1421 299 1503 dispertiat.
340 1423 393 1483 Tu
413 1432 518 1483 autem
536 1421 616 1504 quid
630 1423 718 1484 voles
739 1420 772 1482 in
789 1421 936 1483 ecclesias
952 1421 1165 1502 profundere,

127 1543 195 1604 quo
225 1523 339 1605 partim
366 1522 499 1585 luxuriae
529 1546 594 1587 aure
623 1523 789 1584 consulant
811 1522 907 1584 otiosi
928 1522 1099 1599 cononici,
1133 1527 1167 1607 Q

125 1624 259 1699 fratres,
294 1623 407 1705 partim
436 1622 601 1704 speciosos
627 1621 764 1704 parietes
784 1633 949 1699 extruant,
981 1624 1096 1687 domus
1129 1644 1167 1687 ac

124 1728 226 1800 villas,
245 1746 310 1787 rem
326 1726 421 1804 paulo
440 1735 513 1804 post
526 1724 751 1806 deperituram,
773 1723 950 1786 aedificent?
963 1725 1166 1807 Pauperibus

126 1827 283 1901 daudum;
312 1827 378 1889 haec
397 1837 445 1888 est
464 1829 548 1891 enim
567 1847 660 1905 vera,
691 1827 766 1888 viva
785 1836 817 1888 et
843 1826 1026 1890 immortalis
1046 1826 1167 1891 Christi

125 1929 268 1991 ecclesia.
345 1979 349 1982 .

547 2072 745 2138 Monitor.

204 2177 326 2258 Quale,
358 2169 517 2261 quidquid
537 2178 593 2254 sit,
623 2199 689 2240 non
716 2174 845 2258 judico,
876 2186 984 2259 neque
1009 2168 1069 2239 ista
1098 2165 1179 2259 ego'

127 2275 275 2358 disputo,
306 2288 339 2339 et
376 2289 519 2340 neutram
550 2270 602 2340 bic
622 2299 683 2358 ago
713 2299 851 2341 causam.
902 2245 1067 2339 liomanos
1087 2297 1169 2339 vero

128 2377 225 2453 istos,
260 2377 304 2439 ob
322 2377 356 2439 id
376 2377 510 2441 factioni
534 2389 595 2440 tuae
614 2379 770 2460 praefero,
803 2377 894 2462 quod
920 2388 1100 2461 sequuntur
1120 2399 1169 2454 ea,

131 2501 202 2561 quae
224 2478 438 2542 tolerabiliora
458 2491 551 2557 sunt,
578 2490 647 2564 eta
667 2479 827 2542 communi
847 2478 911 2539 vita
930 2477 1034 2540 minus
1057 2477 1172 2541 abhor-

127 2590 210 2642 rent.
250 2580 374 2661 Nempe
395 2591 430 2642 ut
452 2580 577 2644 divitias
596 2581 713 2644 habere
735 2573 840 2650 liceat,
869 2590 965 2662 atque
985 2576 1107 2655 iis'uti,
1140 2591 1172 2642 et

7 2709 14 2726 ·
128 2681 294 2762 voluptate
315 2679 400 2758 frui,
431 2702 468 2744 ac
499 2681 532 2744 in
557 2684 637 2744 luxu
664 2683 802 2765 degere,
833 2691 865 2743 et
893 2678 1046 2742 oblectari
1066 2679 1171 2745 modis

130 2783 287 2846 omnibus.
341 2783 488 2865 Quodsi
515 2785 606 2871 quod
624 2782 769 2845 severius
788 2792 982 2863 praeceptum
1004 2785 1071 2857 est,
1104 2780 1173 2865 ipso

127 2883 181 2947 ille
198 2894 307 2965 pastor
320 2885 414 2961 lenit,
436 2885 505 2967 ipse
525 2885 670 2960 remittit,
691 2884 862 2966 aliquando
876 2883 1062 2947 universum
1076 2884 1172 2951 etiam

130 2986 222 3048 toltit.
262 2989 378 3069 Neque
398 3007 464 3048 uon
486 2987 547 3048 hoe
564 2997 687 3069 potest,
715 2985 767 3048 cui
787 3004 884 3066 posse
906 2984 1053 3048 Christus
1073 2987 1173 3052 dedit.

50 3108 51 3111 ¹
131 3085 185 3148 Sic
206 3088 291 3149 enim
319 3085 421 3169 accipi
449 3087 568 3168 vulgo,
590 3109 626 3149 ec
647 3086 763 3170 passim
784 3086 879 3149 video
899 3107 1001 3169 saepe,
1023 3088 1050 3152 si
1070 3091 1174 3152 scelus

68 3256 73 3263 ¹
131 3199 316 3268 perpetrare
337 3188 431 3265 libet,
463 3188 557 3265 facit,
587 3199 624 3250 ut
643 3189 752 3263 liceat,
785 3186 891 3251 bonus
919 3199 951 3249 et
971 3189 1055 3252 mitis
1074 3201 1176 3283 pater,

132 3288 239 3351 omnia
259 3287 428 3371 indulgens
442 3301 474 3353 et
494 3290 683 3374 ignoscens,
703 3288 819 3373 nequis
839 3311 982 3373 unquam
1001 3302 1037 3352 ut
1058 3292 1176 3358 durum

131 3387 252 3454 Christi
273 3388 404 3472 jugum,
432 3401 465 3453 et
485 3390 620 3454 insuave
641 3412 724 3455 onus
744 3392 922 3456 detrectare
940 3392 1062 3473 possit,
1084 3393 1176 3477 quod

131 3492 187 3556 abs
208 3504 240 3556 te
262 3480 331 3554 uon
351 3492 581 3572 obtineremus.

547 3633 772 3704 Lutherus.

215 3740 390 3822 Quomodo
410 3735 495 3804 enim
516 3739 624 3802 darem
645 3740 718 3816 tibi,
749 3738 840 3824 quod
858 3761 926 3803 non
945 3736 1065 3819 habeo,
1087 3741 1180 3828 quod

44 3886 47 3891 ·
136 3839 214 3903 dare
234 3862 340 3905 meum
360 3863 427 3904 non
455 3841 527 3903 eet?
559 3843 626 3904 Aut
646 3844 813 3925 quomodo
844 3854 932 3906 recte
961 3836 1180 3924 permitterem

134 3943 213 4020 tibi,
245 3945 336 4028 quod
355 3946 386 4006 in
407 3943 534 4008 nemine
553 3944 633 4007 ferri
653 3943 748 4007 lieet?
779 3945 827 4007 ltti
847 3966 928 4006 vero
948 3947 1026 4029 quid
1048 3964 1181 4008 necesse

135 4045 215 4120 tuit,
235 4048 340 4129 legem
361 4043 481 4109 Christi
500 4056 537 4110 ut
557 4058 765 4130 aggravarent
777 4046 838 4129 ipsi
850 4048 1003 4129 primum,
1025 4050 1057 4109 et
1067 4056 1182 4135 postea
1201 4052 1205 4061 '

135 4148 297 4220 levarent,
317 4147 379 4210 nisi
400 4148 491 4232 quod
510 4148 573 4209 hoc
592 4147 669 4228 ipsis
691 4153 781 4210 lucro
801 4149 948 4213 futurum
967 4147 1060 4211 erat?
1097 4147 1183 4212 Pro·

137 4252 296 4313 mitterem
316 4271 396 4312 vero
417 4252 529 4312 coelum
550 4249 625 4324 tibi,
655 4261 820 4334 uteunque
839 4248 978 4324 viventi,
995 4245 1082 4311 'cum
1101 4270 1183 4330 pree-

139 4363 223 4413 stare
243 4371 310 4415 uon
330 4351 468 4431 possim,
489 4366 598 4434 neque
610 4351 642 4413 in
656 4352 820 4415 hominnm
832 4361 991 4430 potestate
1009 4349 1068 4426 sit,
1088 4350 1184 4412 etiam

139 4474 273 4532 eorum,
298 4453 355 4538 qui
376 4453 513 4517 maxime
533 4456 596 4518 hoc
616 4455 702 4539 apud
720 4464 780 4518 vos
808 4451 952 4534 jactant?
972 4451 1058 4515 Boni
1077 4461 1184 4533 autepn
