2618 5108
243 62 727 249 „a-v--QuO-n
770 228 787 238 ⁰

569 746 746 844 Epistola.
1098 756 1172 839 m

138 957 193 1014 ue,
221 949 471 1025 quantocunque
501 962 560 1003 suo
589 961 661 1003 cum
688 944 848 1022 periculo,
880 944 1022 1009 veritatis
1057 964 1168 1011 cause.

139 1039 243 1114 Scias,
277 1044 437 1104 oraculum
463 1044 543 1104 hanc
563 1064 632 1104 esse
652 1065 784 1119 vocem,
815 1045 883 1107 talis
916 1047 1090 1108 constantia
1112 1058 1170 1110 est.

139 1141 329 1204 Praedicabis
347 1143 430 1204 hune
449 1144 533 1224 apud
554 1155 625 1204 tuos
645 1144 730 1206 cives
751 1146 812 1205 hoc
831 1147 954 1223 elogio:
975 1147 1084 1227 Major
1104 1149 1170 1209 ani·

139 1264 209 1305 mus
230 1243 262 1303 in
286 1242 454 1306 Germania
487 1266 552 1305 non
579 1256 637 1306 est.
682 1246 806 1307 Vellem
835 1248 919 1307 nnila
947 1270 1017 1308 esse
1046 1246 1116 1327 ejus
1138 1248 1171 1310 in

138 1364 189 1407 me
209 1344 365 1407 beneficia
386 1349 553 1428 (quaesunt
567 1345 724 1425 plurima),
745 1369 785 1407 ne
804 1347 874 1428 quis
889 1345 1068 1422 arbitretur,
1089 1350 1168 1411 hanc

142 1466 192 1509 me
212 1446 256 1508 itti
287 1447 409 1508 referre
436 1447 576 1528 gratiam.
633 1449 706 1508 Hoc
726 1468 791 1509 uno
812 1469 950 1526 gravor,
978 1470 1044 1530 qno
1065 1449 1168 1513 minus
1261 1505 1270 1522 .

140 1557 243 1608 totum
265 1568 315 1608 me
335 1547 494 1609 effundam
515 1549 547 1608 in
566 1548 778 1609 laudationem
798 1548 947 1610 virtutum
967 1549 1065 1624 iltius,
1088 1573 1167 1633 quas

137 1647 233 1709 habet
253 1649 345 1728 plane
364 1645 518 1710 heroicas,
566 1650 646 1710 Nam
666 1649 698 1709 in
718 1647 788 1729 ejus
809 1649 939 1710 consilia
958 1650 1032 1711 nihil
1053 1651 1169 1712 humile

138 1748 233 1812 eadit.
303 1749 391 1810 Dens
424 1760 529 1811 servet
559 1750 721 1828 spiritum,
762 1771 857 1831 qnem
892 1750 924 1810 in
963 1751 1017 1811 itto
1051 1750 1169 1813 excita·

137 1850 200 1913 vit!
224 1849 277 1912 Sic
290 1851 321 1926 ὑ)
348 1861 416 1912 orat
436 1861 612 1930 Latheras,
644 1865 675 1912 et
695 1871 757 1932 ego
781 1850 934 1930 praeunti
959 1851 1002 1911 itti
1026 1851 1169 1912 succino.

138 1950 204 2016 Sed
235 1952 276 2013 ad
314 1952 418 2031 ipsum
446 1953 556 2014 redeo.
612 1953 729 2014 Fertur
755 1950 865 2013 divino
892 1949 1042 2012 instinctu
1071 1952 1170 2013 mani·-

137 2054 328 2127 festissime,
364 2073 400 2114 ac
430 2055 564 2115 humana
591 2053 695 2114 omnia
714 2052 844 2114 consilia
870 2050 1030 2127 excludit,
1067 2061 1169 2114 totus·

140 2175 205 2240 qne
232 2175 249 2214 a
269 2155 340 2215 Deo
361 2155 489 2233 pendet.
536 2154 678 2215 Mortem
699 2165 820 2226 antem,
846 2164 881 2214 nt
901 2173 996 2215 nemo
1016 2173 1168 2233 unquam,

139 2254 325 2317 contemnit.
377 2253 521 2317 Christus
541 2267 647 2315 servet
668 2256 900 2334 Evangelistam
920 2276 1033 2329 sunm,
1055 2256 1106 2315 vel
1127 2256 1170 2316 ad

137 2348 282 2436 iempus,
315 2377 381 2438 qno
402 2356 435 2416 in
456 2355 565 2416 animis
592 2355 754 2416 hominnm
782 2375 858 2416 vera
878 2354 976 2435 pietas
999 2355 1164 2417 coaluerit!

138 2457 322 2524 Abeuntem
342 2477 415 2517 eum
436 2467 587 2538 sequetur
605 2455 742 2517 edictum
763 2457 811 2528 (ut
824 2454 897 2516 mihi
910 2454 1052 2517 scribunt
1065 2456 1170 2533 amici)

138 2561 237 2638 longe
254 2557 498 2620 atrocissimum:
521 2578 572 2618 cur
563 2556 679 2618 vaide
696 2566 820 2628 metuo,
838 2572 880 2616 ne
895 2555 979 2616 bona
995 2557 1169 2620 Germania

137 2680 214 2742 pars
242 2662 445 2722 reclamatura
472 2658 522 2721 sit.
587 2656 638 2718 Sic
669 2659 781 2718 ardent
809 2655 975 2717 sactiones.
1021 2658 1098 2718 Haec
1127 2658 1170 2720 de

135 2761 244 2824 multis
270 2779 381 2840 pauca.
430 2761 483 2821 Tu
513 2757 659 2840 aliquid'
652 2770 725 2819 rtem
752 2757 790 2818 ad
810 2777 860 2818 me
879 2755 1058 2835 perscribe;
1079 2759 1170 2840 qnod

134 2858 227 2924 'diu
217 2882 280 2941 Jam
302 2880 368 2920 non
390 2858 510 2921 fecisti.
539 2878 575 2920 ae
596 2860 675 2921 vale.
729 2859 781 2919 Ex
801 2856 942 2919 Ebernb.
965 2856 1033 2920 Cal
1054 2855 1171 2939 Maian.

138 2961 351 3027 Mwnxxt

177 3172 209 3242 ⁹)
228 3182 268 3227 sle
280 3191 291 3226 :
321 3180 372 3225 Set.
