2618 5108
198 855 246 924 68
266 927 276 937 ,ἡ
305 847 349 922 Iu
371 846 582 941 incendium
604 843 857 918 Luthcranum
881 829 1119 916 Exclamatio.

199 1043 272 1102 llaec
294 1060 427 1116 persons
443 1040 518 1098 boni
538 1051 603 1108 est,
631 1049 745 1095 tantum
766 1043 928 1114 complexe
947 1040 1106 1094 malorum.

201 1137 294 1212 Quod
313 1147 344 1192 tu
364 1137 484 1192 Christe
510 1136 649 1202 rediens,
675 1144 786 1189 statues
807 1136 871 1189 sine
892 1124 950 1189 fin'e
974 1129 1159 1190 ferdndum?

200 1230 340 1287 Tandem
360 1224 532 1285 intentatam
549 1230 662 1283 vindex
675 1227 842 1297 justissime
863 1231 1020 1295 fraudem,

199 1320 241 1382 Et
259 1327 373 1380 factum
392 1325 483 1381 toties
502 1325 554 1379 tibi
574 1326 702 1391 fucum,
729 1324 879 1377 ulciscere
898 1323 1030 1377 tandem.

198 1419 283 1475 Ecce
301 1419 343 1473 tui
363 1420 498 1474 adsertor
519 1418 624 1487 verbi,
642 1419 693 1490 qui
713 1419 806 1472 mults
824 1416 971 1483 docebat,

199 1511 359 1585 Multaque
378 1511 552 1581 scribebat,
570 1530 631 1584 quo
650 1513 768 1567 vindice
786 1513 871 1583 pulsa
890 1510 1006 1565 redibat

199 1602 268 1660 Lex
285 1614 354 1673 tua,
382 1623 439 1677 pro
458 1605 576 1661 levibus
598 1605 773 1675 revigebant
792 1623 865 1660 vera
884 1605 1021 1672 labellis,

91 1689 95 1697 ’
198 1697 346 1755 Nominis
365 1700 415 1754 ille
433 1698 475 1755 tui
497 1717 616 1772 praeco,
635 1718 726 1773 quem
743 1716 815 1756 vcra
832 1700 995 1755 docentem

199 1790 347 1847 Dilexere
370 1794 428 1864 pii,
454 1793 542 1848 turba
563 1796 716 1850 adversata
734 1794 884 1849 malorum
909 1802 971 1859 est,

200 1884 262 1941 Dat
286 1902 440 1947 nunouam
461 1877 600 1943 meritam
621 1889 679 1943 sub
697 1887 800 1960 iniquo
816 1887 918 1956 judice
938 1895 1069 1957 poenam.'

201 1978 274 2054 Quo
297 1990 329 2034 tu
350 1981 477 2048 oculos,
495 1981 543 2052 pie
566 1981 702 2050 Christe,
728 1993 821 2049 tuos,
841 1980 1009 2050 frontisque
1028 1992 1142 2031 severe

202 2075 309 2133 Tende
328 2075 520 2146 supercilium
530 2095 540 2144 ;
567 2085 659 2147 teque
678 2091 745 2131 esse
765 2074 887 2129 ostende
906 2071 1032 2140 neganti.

200 2168 341 2240 Namque
360 2169 426 2223 haec
444 2168 525 2223 haud
545 2169 704 2240 quisquam
724 2171 862 2235 faceret,
895 2166 945 2238 qui
965 2176 993 2219 to
1011 2180 1078 2220 esse
1097 2172 1225 2236 putaret.

203 2261 264 2334 Qui
282 2272 311 2316 te
333 2271 531 2316 contemnunt
551 2263 662 2332 igitur,
689 2262 881 2332 mediumque
898 2258 1011 2313 tonanti

202 2355 374 2411 Ostendunt
392 2355 533 2423 digitum,
557 2357 678 2411 tandem
698 2355 734 2410 iis
751 2365 780 2409 te
799 2353 922 2409 ostende
941 2360 1108 2423 potentem.

201 2448 249 2503 Te
270 2447 369 2502 videat
387 2449 470 2502 ferus
491 2447 538 2502 ille
557 2448 646 2518 Leo,
672 2460 701 2504 te
719 2457 781 2504 tota
796 2447 948 2502 malorum

200 2538 312 2597 Sentiat
334 2539 478 2610 inluvies,
504 2542 710 2614 scelerataque
736 2543 836 2598 Roma
855 2541 1030 2609 tremiscat,

200 2635 339 2691 Ultorem
357 2635 507 2690 scelerum
518 2654 529 2704 ς
560 2636 695 2706 discant,
718 2645 747 2690 tc
765 2635 868 2690 vivere
890 2634 1013 2702 saltem,

201 2726 263 2802 Qui
283 2745 410 2797 regnare
429 2737 547 2798 negant.
584 2729 647 2798 Sit,
665 2743 738 2802 'quo
756 2742 873 2784 terrere
894 2736 1062 2794 nocentes,

201 2821 358 2893 Solarique
380 2821 448 2894 pios
468 2823 574 2891 liceat,
596 2840 760 2896 compesce
784 2821 918 2894 superbe

201 2913 401 2971 Grasssntem
420 2916 451 2970 in
468 2916 570 2986 leges,
588 2925 617 2972 et
637 2917 732 2973 libera
746 2920 816 2988 jura
835 2919 982 2971 furorem.

202 3011 342 3065 Audaces
362 3009 471 3066 cohibe
492 3019 619 3067 mentes.
657 3011 782 3068 Obsiste
802 3010 934 3083 tyrannis
945 3048 954 3076 ,

149 3121 154 3129 ·
200 3102 343 3158 Insontes
366 3103 416 3175 qui
439 3104 544 3158 fraude
562 3117 687 3173 necant,
706 3105 795 3177 vique
815 3105 956 3160 omnibus
974 3103 1091 3156 instant.

199 3195 241 3252 Et
256 3213 338 3251 nunc
356 3189 513 3264 ardentes,
531 3205 579 3252 tua
599 3198 688 3252 sortia
705 3193 799 3254 verba
818 3198 938 3252 libellos

200 3287 354 3360 Respice,
376 3307 482 3360 magne
502 3301 602 3362 pater,
631 3292 789 3364 dirumque
807 3291 955 3345 ulciscere
973 3291 1097 3345 factum.

201 3379 249 3437 Te
270 3382 343 3453 petit
360 3382 427 3437 haec
444 3382 563 3452 rabies,
580 3393 630 3439 tua
648 3394 721 3439 sunt·
735 3384 923 3459 opprobria,
942 3385 999 3452 legi

200 3475 254 3530 Vis
273 3475 305 3528 lit
323 3476 377 3530 ista
394 3485 463 3531 tuas.
501 3477 614 3531 Contra
633 3479 735 3534 scelus
755 3495 846 3534 omne
866 3477 1014 3549 probatur

200 3567 414 3642 Laudaturque
434 3570 529 3626 nefus.
566 3570 705 3626 Tandem
727 3571 954 3643 expergiscere!
991 3563 1153 3622 Tandem.

200 3662 241 3717 Ut
261 3678 295 3716 se
314 3663 442 3734 quisque
465 3648 562 3733 gerit,
589 3664 703 3720 merite
724 3666 782 3721 sint
799 3667 921 3739 praemis
941 3670 1018 3724 vitae.

200 3753 349 3810 Divinum
369 3765 635 3834 superetverum,
665 3769 804 3814 servetur
823 3760 997 3818 honestum.

201 3850 245 3903 At
264 3856 368 3919 pereat
385 3849 511 3905 flammis
531 3850 682 3906 Aleander
699 3852 804 3924 Apella
822 3853 878 3907 sub
901 3853 975 3911 istis.

201 3942 336 3995 Antores
357 3941 509 3999 scelernm
529 3932 671 4016 pereant,
697 3962 871 4019 saevumque
895 3946 1034 4005 Leonem

201 4032 328 4090 Emissae
356 4043 492 4107 repetant
510 4038 606 4095 iuriae.
642 4039 812 4110 Conflagret
833 4042 869 4096 ab
889 4041 966 4111 igni,
988 4052 992 4058 '

204 4124 276 4201 Quo
295 4144 379 4206 nunc
406 4129 571 4186 innocuum
589 4133 662 4204 petit
682 4133 771 4207 impis
792 4134 892 4192 Roma
910 4136 1108 4192 Lutherum.'

549 4269 661 4324 decta
693 4280 753 4328 est
778 4273 873 4329 alea.

656 4428 778 4446 ..ι-.-
