2618 5108
199 846 270 958 250
493 839 697 917 Praedones
746 840 934 945 Dialogus.

584 1035 841 1100 Franciscus.

276 1131 415 1204 Posthac
433 1150 538 1203 autem
557 1139 699 1223 loqueris
719 1137 892 1201 modestius
908 1137 950 1202 de
970 1136 1085 1201 nobis?

607 1265 828 1328 Mercator.

278 1366 415 1431 Posthac
432 1367 676 1442 modestissime,
697 1365 789 1426 etiam
808 1375 958 1428 amanter.

586 1477 844 1553 Franciscus.

276 1591 319 1652 Et
337 1590 371 1653 in
391 1591 523 1675 gratiam
542 1593 707 1655 nobiscum
728 1591 843 1656 redis?

610 1718 826 1780 Mercator.

276 1817 391 1880 Redeo
415 1817 718 1902 obsequentissime,
739 1838 775 1879 ae
793 1817 872 1880 illud
891 1836 970 1895 oro,
990 1828 1026 1880 ut
1043 1836 1102 1879 vos
1116 1815 1229 1878 redca-

201 1916 242 1981 tis
261 1937 407 2003 quoque.

591 2012 846 2075 Franciscus.

277 2113 331 2177 An
348 2134 416 2176 non
441 2112 515 2177 satis
533 2113 655 2176 redisse
673 2111 735 2194 jam
754 2111 927 2175 videmur?

603 2237 823 2300 Mercator.

196 2370 199 2377 »
276 2335 357 2400 Satis
364 2381 375 2415 ,
395 2337 423 2400 si
442 2339 528 2401 serio
547 2337 630 2401 dicta
649 2359 668 2398 a
686 2338 779 2401 vobis
798 2350 891 2416 sunt,
913 2360 984 2424 quac
1003 2337 1123 2401 audivi.

588 2462 848 2527 Franciscus.

156 2573 166 2587 '
276 2562 369 2627 Serio
389 2573 475 2627 sunt.

603 2658 823 2722 Huttenus.

274 2757 380 2822 Serio.
871 2833 873 2839 y

589 2851 844 2936 Francisqus.

273 2952 411 3034 Porrige
431 2952 575 3014 dextram
594 2953 687 3014 mihil

597 3077 820 3142 Mercator.

278 3176 399 3258 Accipe
418 3176 573 3242 obnoxie.

585 3302 612 3363 F
619 3303 838 3368 ranciscus.

188 3423 192 3432 ·
274 3400 384 3485 Atque
405 3399 480 3463 huic
498 3401 644 3465 Hutteno
664 3408 807 3487 porrige.

605 3526 823 3590 Mercator.

273 3627 435 3711 Perquam
454 3626 599 3691 libenter.
637 3629 775 3710 Accipe!

608 3752 824 3816 Huttenus.

275 3851 378 3930 Quam
402 3850 549 3914 Christus
576 3853 723 3934 Optimus
753 3854 916 3917 Maximus
946 3853 1113 3915 confirmet
1141 3850 1229 3919 inter

197 3969 259 4015 nos
279 3951 464 4028 amicitiam,
496 3963 528 4014 ct
546 3952 646 4029 faxit,
666 3955 698 4015 in
719 3967 890 4037 utrumque
911 3953 1056 4018 ordinem
1076 3952 1229 4020 latissime

190 4062 234 4113 ‚ut
252 4052 395 4135 proferat
415 4075 450 4116 se
470 4056 650 4134 exemplum
670 4056 744 4118 hoc.
783 4057 882 4119 Vale!

597 4181 818 4244 Mercator.

275 4281 318 4342 Et
335 4299 395 4343 vos
415 4281 534 4343 valete!

584 4390 836 4455 Franciscus.

276 4488 358 4553 Vale
377 4489 578 4556 amicissime!
