2618 5108
138 833 211 913 ιιι
429 829 472 905 In
495 829 699 906 Concilium
723 832 868 908 Worm.

136 1025 340 1101 testimoniis,
360 1033 515 1089 mutantes
531 1024 672 1105 clypeos,
693 1023 902 1110 Danaumque
920 1024 1055 1109 insignis
1069 1023 1165 1090 vobis

136 1140 299 1212 aptantes,
320 1127 435 1201 idest,
455 1125 495 1186 nd
519 1124 668 1207 pessimas
688 1137 769 1188 ortes
788 1126 868 1189 inito
888 1128 1034 1211 refugio,
1055 1125 1165 1190 ernusti

138 1230 252 1295 fraude
273 1239 305 1291 ct
324 1226 425 1303 dolis,
456 1247 549 1287 novo
565 1224 706 1288 certandi
735 1238 887 1308 usurpato
907 1250 1039 1308 genere,
1071 1227 1166 1292 dictis

141 1350 327 1413 oppugnare
355 1349 415 1392 nos
435 1326 560 1408 parutis.
608 1328 689 1389 licui
709 1346 824 1389 novom
845 1340 877 1391 et
899 1330 1087 1404 inauditam,
1107 1348 1166 1389 ve·

139 1444 273 1516 stroqne
293 1428 540 1511 indignissimam
570 1419 672 1488 officio
701 1427 913 1493 et'1inslituto.
954 1430 1040 1512 Quid
1059 1440 1166 1491 nutem

138 1536 170 1596 ui
191 1546 224 1596 et
240 1531 407 1611 coactione
429 1552 510 1611 opus
530 1528 620 1590 vobis
641 1537 705 1603 est,
726 1528 781 1612 qui
801 1527 983 1610 hujusmodi
1004 1542 1179 1593 certarnen¹
1207 1602 1211 1609 ,

140 1632 324 1708 decertatis,
343 1631 377 1693 in
393 1652 459 1714 quo
481 1627 555 1713 cogi
576 1618 669 1690 nemo
690 1629 808 1692 debet?
837 1633 903 1694 Aut
924 1632 1000 1714 quid
1028 1632 1168 1713 Impera·

139 1747 246 1799 torum
269 1731 410 1815 epistolis
440 1727 472 1794 et
502 1724 725 1812 diplomatibus
749 1752 829 1813 opus
849 1731 942 1793 vobis
967 1743 1014 1793 est
1026 1732 1075 1807 0),
1110 1728 1169 1814 qui

141 1848 188 1899 tot
212 1835 350 1910 habetis,
384 1856 454 1918 qum
476 1831 557 1896 tueri
582 1854 643 1895 vos
663 1831 816 1906 debeant,
845 1851 949 1908 scores
979 1844 1011 1894 et
1039 1830 1172 1895 irrefra-

141 1936 257 2016 gabiles
272 1933 467 2016 scripturas?
484 1933 548 1997 Sed
568 1932 661 1994 etiam
681 1933 761 1993 ultra
778 1934 865 2016 leges
888 1930 1054 2016 etsCluisti
1080 1931 1170 2006 insti·

140 2047 208 2099 tuto
230 2034 384 2098 extulistis
404 2033 577 2118 potentium
596 2051 746 2106 uestrum,
773 2043 804 2095 et
828 2031 891 2110 jum
919 2055 988 2094 non
1006 2022 1169 2114 scripturn

140 2137 370 2212 testimonium,
395 2138 452 2198 sed
472 2147 585 2197 vestre
597 2128 765 2222 mejestatis
787 2133 935 2198 intuitum
953 2132 1083 2196 vincere
1098 2135 1170 2196 vul·

141 2237 192 2301 tis.
231 2237 316 2300 Estis
329 2233 413 2298 enim
434 2234 585 2316 Episcopi
599 2254 635 2294 uc
649 2235 847 2309 sacerdotes,
873 2245 906 2296 et
923 2232 1092 2298 Christi'
1061 2256 1167 2298 vicem

72 2339 74 2344 ’
142 2336 252 2420 geritis
265 2336 316 2412 ⁰⁰)
336 2334 397 2396 hic.
438 2336 545 2415 Quare
564 2333 720 2396 obsistere
741 2334 834 2396 vobis
859 2333 1037 2420 nonlicet,
1059 2355 1192 2418 neque.

141 2435 250 2500 dicere
278 2433 448 2518 quicquum
474 2432 648 2497 adversum
665 2431 801 2510 licet‚'
790 2441 854 2515 Jn'm
881 2414 983 2498 etium
1003 2450 1072 2498 non
1086 2455 1169 2514 sen·
1238 2434 1241 2439 ’

68 2556 71 2561 ·
141 2535 213 2599 tire.
258 2537 338 2599 Num
353 2545 394 2596 et
424 2517 632 2599 coniciendus
663 2532 772 2596 vobis
779 2545 903 2599 nostres
931 2522 1112 2617 subjicitis¹
1118 2519 1184 2598 αι’
1209 2546 1245 2617 p]

66 2642 70 2647 ’
141 2635 222 2729 'quid
251 2659 270 2699 ιι
298 2636 390 2698 vobis
415 2627 534 2700 dictum
563 2645 617 2698 aut
647 2613 758 2699 lictum
786 2635 901 2733 luerit,
929 2657 989 2719 pro
1014 2656 1105 2698 sacro
1135 2646 1171 2699 et

142 2748 250 2800 sancto
278 2737 396 2801 hebere
420 2736 523 2800 decet.
573 2736 668 2799 Nulla
691 2734 799 2799 contra
827 2737 929 2831 ratio,
961 2735 1048 2799 nulli
1072 2747 1170 2800 testes

143 2841 251 2902 'valere
274 2838 401 2901 debent.
439 2838 512 2902 Vos
527 2835 693 2913 audiendi,
713 2857 776 2900 vos
797 2821 952 2922 sequeil'dl
971 2838 1067 2913 estis,
1091 2857 1173 2920 qno·

142 2960 271 3023 cunque
309 2936 515 3001 abduxeritis.
566 2935 649 3001 At·
637 2957 699 3019 Jam
726 2937 866 3019 amplius
883 2959 969 3001 non
983 2934 1168 3039 sequemur,¹

144 3039 405 3124 qumdoquidem
420 3060 487 3101 non
509 3036 679 3122 sequimini
699 3037 761 3121 ipsi
784 3037 957 3104 Christum.
1001 3030 1035 3103 si
1053 3061 1173 3125 seque·

142 3140 255 3204 remini
279 3140 380 3229 enim,
409 3142 519 3223 utique
540 3148 613 3220 post
636 3138 748 3203 habitis
775 3138 908 3221 opibus,
937 3140 1075 3218 deliciis,
1106 3162 1173 3218 um,

130 3238 317 3305 ‘bitioneet
342 3241 439 3316 luxu,
463 3259 591 3303 crucem
609 3238 680 3321 ejus
702 3238 839 3303 ferretis.
877 3242 942 3304 Sed
960 3241 1034 3327 quie
1050 3241 1172 3307 disces·

142 3339 236 3407 'sistis
251 3335 295 3402 'sb
322 3339 395 3414 illo,
427 3340 532 3402 donec
562 3340 691 3423 quidem
725 3341 857 3418 abestis,
885 3364 952 3406 non
982 3344 1171 3407 accedemus

56 3509 57 3512 Ἴ
143 3442 184 3505 ud
202 3461 282 3516 nos,
305 3460 372 3524 quo
392 3439 495 3501 minus
516 3439 600 3502 enim
618 3461 637 3501 ιι
656 3440 748 3505 concis
768 3442 954 3508 ductoribus
973 3445 1006 3508 in
1026 3463 1172 3508 errorem

143 3542 367 3622 ubstrohnmus.
404 3539 524 3603 Melior
537 3542 708 3621 Apostolus
728 3553 849 3609 Pontus
866 3547 964 3607 multo
985 3557 1057 3609 stite
1075 3545 1171 3624 cavit,
1224 3534 1243 3636 Ἰ

141 3643 257 3725 jubens
277 3663 331 3719 se,
350 3640 465 3724 suique
479 3638 611 3718 similes,
631 3642 687 3726 qui
703 3644 891 3727 exemplario
906 3645 978 3709 vilse
994 3646 1084 3710 nobis
1099 3667 1171 3711 esse

143 3746 282 3828 possint,
304 3729 414 3824 sequi,
435 3761 541 3824 neque
560 3763 700 3826 unquam
720 3744 775 3805 abs
793 3765 829 3806 re
849 3758 920 3828 post
935 3767 992 3810 eos
1014 3746 1070 3831 qui
1087 3748 1167 3813 mole

50 3873 52 3876 ⁴
143 3843 319 3918 ambulent,
337 3841 479 3903 inimicos
492 3841 558 3918 nus)
573 3843 692 3919 crucis,
713 3864 862 3928 quorum,
879 3846 992 3929 inquit,
1008 3845 1081 3909 linis
1097 3868 1171 3929 per·

143 3943 224 4010 ditio
244 3951 309 4018 est,
330 3962 467 4026 quorum
483 3942 568 4004 Deus
584 3954 695 4006 venter
710 3960 773 4022 est,
794 3954 826 4010 et
840 3945 944 4029 gloria
958 3944 991 4008 in
1007 3947 1169 4013 dedecore

143 4043 302 4126 ipsorum,
338 4040 395 4124 qui
421 4041 584 4104 terrestria
615 4056 745 4121 curunt,
760 4075 763 4084 ·
780 4045 1057 4110 conversationem
1072 4049 1170 4114 enim

143 4143 375 4242 ilpomolorum
396 4141 468 4226 (qui
486 4160 564 4204 vere
583 4144 669 4221 sunt)
685 4142 718 4207 in
737 4147 821 4213 ooelis
838 4167 919 4210 esse.
941 4149 991 4209 En
1008 4149 1170 4233 Propheta

147 4293 375 4310 *-

178 4368 207 4436 ἰ)
225 4377 265 4424 Bel
284 4377 356 4423 oolts
377 4384 436 4423 est:
454 4377 615 4426 unleserllclle
634 4379 773 4429 corrector.
842 4371 886 4443 ⁴⁸)
906 4385 1021 4432 Gultts:
1039 4385 1123 4444 agitis:

180 4463 236 4530 ⁸⁴⁸)
255 4473 394 4517 Inimicus:
415 4468 515 4517 lnimlcl.

1202 3114 1207 3123 ι
1241 3118 1244 3123 s
