2618 5108
190 819 262 897 362
359 819 436 905 Ulr.
461 820 508 893 ab
531 817 673 894 Hutten
698 840 783 892 cum
804 815 959 892 Erasmo
984 814 1070 890 Rot.

190 1007 405 1076 constitutum.
444 1011 515 1089 Tu,
546 1009 653 1096 siquid
681 1031 741 1092 pro
759 1009 923 1086 retrahes,
949 1008 1083 1090 expedi,
1102 1025 1210 1090 neque

188 1107 234 1185 ibi
253 1129 351 1171 cessa.
389 1112 468 1172 Nam
494 1132 557 1194 ego
576 1125 713 1193 caeptum
732 1132 798 1173 non
816 1113 976 1185 deseram,
994 1120 1148 1190 tantoque
1167 1106 1211 1168 ibi

188 1210 380 1293 pertinacius
402 1212 546 1290 instabo,
574 1226 693 1296 quanto
712 1211 834 1273 lucilius
859 1233 913 1285 ea,
946 1233 1016 1294 quae
1035 1208 1068 1270 in
1087 1229 1137 1269 me
1157 1207 1212 1269 ad-

187 1311 316 1386 misisti,
346 1313 515 1388 condono,
541 1313 585 1375 ob
613 1314 647 1374 id
676 1312 829 1386 maxime,
862 1313 951 1394 quod
976 1310 1039 1391 jam
1068 1310 1212 1388 adempta

191 1411 292 1473 omnis
312 1411 355 1473 illi
373 1412 519 1475 defensio
538 1425 595 1475 est.
633 1416 747 1496 Neque
766 1414 849 1475 enim
868 1413 930 1492 jam
949 1411 1065 1474 deinde
1083 1428 1211 1489 sperare

189 1509 238 1574 tas
258 1521 323 1586 est,
344 1523 379 1573 ut
399 1514 437 1573 ab
457 1513 566 1576 inieris
587 1514 680 1576 nobis
699 1516 813 1577 existat
832 1515 916 1594 ipse,
937 1524 969 1572 et
991 1529 1122 1571 causam.
1135 1528 1213 1569 con·

191 1619 238 1672 tra
257 1621 288 1672 te
309 1633 397 1674 suam
418 1624 552 1676 tueatur.
593 1615 656 1694 Qui
676 1626 860 1695 supersunt,
886 1633 968 1693 quos
988 1631 1113 1691 possem
1131 1630 1209 1669 nou·

190 1712 293 1773 nullos
320 1733 504 1789 recensere,
530 1735 640 1794 parum
670 1716 733 1776 lide
761 1726 793 1775 ct
819 1715 904 1795 ipsos
935 1713 989 1775 abs
1022 1722 1052 1773 te
1076 1710 1210 1783 habitos,

191 1830 305 1874 eorum
324 1815 453 1892 negotia
478 1835 565 1877 aute
592 1816 709 1896 suscipi
735 1817 820 1876 nulla
846 1813 1015 1875 necessitas
1037 1823 1097 1884 est3
1123 1809 1213 1894 quod

192 1923 225 1976 et
245 1913 403 1995 integrum
432 1915 603 1999 unicuique
630 1928 694 1991 est,
725 1937 812 1978 suam
832 1917 1033 1994 expostulare
1052 1910 1210 1990 injuriam,

191 2024 225 2076 et
256 2035 369 2077 eorum
399 2015 556 2078 neminem
589 2027 666 2098 puto
700 2017 884 2079 defuturum
920 2013 990 2074 sibi.
1036 2012 1138 2092 Igitur
1170 2011 1211 2073 de

192 2111 326 2187 inimicis
359 2125 391 2174 et
422 2115 504 2190 tuis,
543 2127 574 2178 et
602 2116 718 2178 nostris
746 2115 887 2177 omnium
914 2111 1133 2173 communibus
1159 2110 1212 2172 ali·

193 2214 273 2296 quid
292 2213 474 2277 interseram
496 2217 556 2276 hic.
600 2216 662 2279 Ubi
682 2214 932 2276 commemoratis
952 2211 1076 2293 paucis,
1107 2222 1212 2272 osten·

190 2314 261 2387 dam
279 2314 378 2375 nihilo
397 2314 577 2395 graviorem
594 2326 625 2375 te
647 2316 835 2377 sustinendis
851 2315 914 2387 his,
935 2335 1026 2394 quam
1043 2310 1212 2372 tractandis

192 2413 298 2475 amicis
318 2433 388 2491 esse
407 2416 525 2487 soleas3
551 2426 587 2474 ut
606 2413 724 2476 scilicet
742 2416 851 2478 videas
871 2416 951 2478 scire
971 2434 1029 2474 uos
1049 2423 1081 2474 et
1101 2411 1213 2472 intelli-

191 2533 287 2594 gere,
307 2533 400 2593 quam
430 2513 609 2578 decreveris
637 2517 740 2577 omnia
760 2536 908 2594 perverse
928 2535 1041 2589 agere,
1077 2511 1156 2594 qnid
1182 2521 1214 2570 et

191 2612 404 2675 beneremitos
420 2615 532 2676 odiose
545 2614 725 2691 insecteris,
739 2628 772 2678 et
783 2638 863 2698 quos
875 2617 970 2676 habes
983 2613 1211 2687 infestissimos,

190 2713 277 2779 toeda
300 2714 419 2797 ubique
440 2715 618 2777 adulatione
638 2718 755 2796 palpes.
793 2715 843 2778 De
858 2720 1047 2779 Hochstrato
1067 2712 1214 2791 superius

191 2814 279 2877 satis.
339 2814 558 2878 Lovanienses
589 2828 621 2876 et
653 2817 862 2880 Colonienscs
894 2816 999 2879 multis
1027 2813 1214 2892 lugubribus

192 2914 332 2994 epistolis
356 2927 486 2997 questus
507 2917 591 2997 apud
611 2917 727 2979 amicos
747 2939 799 2993 es,
837 2916 1102 2999 perniciosissime
1121 2913 1214 2975 bonis

192 3015 304 3077 studiis
332 3016 510 3089 adversari,
538 3027 634 3099 atque
665 3037 701 3078 ea
730 3039 798 3080 esse
831 3019 987 3100 precipua
1021 3015 1124 3077 omnis
1158 3033 1218 3094 per

194 3116 397 3177 Germaniam
423 3116 579 3179 barbariei
606 3118 780 3180 seminaria.
828 3121 905 3179 lude
925 3118 1022 3178 veluti
1041 3116 1080 3177 ab
1099 3114 1218 3175 inlecta

194 3216 327 3298 quadam
354 3217 460 3290 lerna,
493 3220 638 3279 exhalare
666 3218 922 3280 nocentissimum
953 3219 1012 3279 late
1042 3235 1214 3288 venenum,

193 3317 285 3399 quod
303 3318 417 3378 multos
437 3296 524 3378 recte
543 3318 704 3381 studiosos
724 3321 837 3383 misere
858 3320 1014 3381 conficiat.
1052 3319 1121 3377 Hos
1142 3334 1214 3378 esse

196 3417 409 3501 inauspicatos
438 3419 643 3499 pessimarum
672 3421 776 3482 avium
795 3422 904 3495 nidos,
939 3420 996 3501 qui
1015 3419 1079 3479 illas
1098 3417 1219 3477 circum

192 3542 229 3584 se
251 3522 410 3592 emittant,
433 3542 558 3583 omnem
577 3521 732 3583 bonarum
752 3522 863 3582 artium
884 3521 1033 3581 lautitiem
1054 3519 1219 3580 ‹teta-‹tan-

196 3633 244 3685 tes
274 3624 429 3702 Harpyas.
481 3623 588 3703 Atque
621 3620 778 3700 ejusmodi
803 3621 970 3683 nobiscum
999 3640 1113 3700 agens,
1144 3639 1220 3681 cum

192 3723 266 3787 saris
285 3743 434 3785 accensos
454 3721 560 3794 vides,
580 3733 612 3781 et
630 3721 662 3782 in
678 3724 800 3783 hosteru
817 3723 1008 3793 concitatos,
1031 3733 1064 3781 tu
1081 3741 1219 3782 conver-

193 3842 248 3887 ωδ
268 3822 466 3885 blandissime
485 3822 544 3884 illis
564 3825 762 3883 commendas
784 3835 832 3897 te,
854 3823 1077 3904 laudandoque
1093 3823 1220 3884 Acade·

192 3922 370 3997 missiles,
400 3943 488 4003 paene
520 3922 651 3984 Athenis
672 3923 817 4002 praefers,
848 3935 987 3983 nostram
1006 3935 1094 3984 taxas
1123 3924 1219 3983 auda-

109 4075 118 4088 .
193 4020 291 4098 darn,
323 4023 377 4105 qui
398 4024 466 4085 illos
487 4023 531 4084 ibi
551 4023 698 4085 Platones
719 4034 750 4083 ct
772 4024 1008 4103 Theophrastos
1030 4023 1219 4085 incessueri·

193 4144 275 4187 mus.
324 4127 366 4185 Et
391 4136 438 4187 est
467 4125 517 4185 hic
545 4135 718 4202 perpetuus
738 4122 795 4184 tibi
814 4143 900 4195 mos,
931 4125 987 4205 qni
1006 4124 1219 4186 intensissime

194 4224 301 4287 hostes
320 4235 394 4286 sunt
415 4225 447 4284 in
465 4243 522 4284 eos
542 4223 702 4283 concitare
716 4245 793 4297 nos,
814 4235 845 4284 ct
858 4223 977 4305 ubique
993 4245 1140 4298 movere,
1162 4224 1220 4307 qui

195 4325 425 4387 adversentur:
444 4324 546 4386 statim
571 4324 627 4385 ubi
645 4322 708 4404 jam
727 4327 839 4386 ardere
856 4324 944 4385 vides
967 4327 1136 4386 conflatum
1155 4344 1214 4403 per

194 4437 228 4491 te
247 4426 447 4502 incendium,
466 4424 594 4507 pubch
611 4425 755 4488 laudibus
775 4426 888 4487 efferre
902 4425 1064 4499 homines,
1085 4443 1123 4484 ac
1138 4444 1217 4504 pne·
