2618 5108
579 119 882 309 θ’,
924 278 942 291 ’

459 302 569 320 ,mr-‘a-

349 821 393 895 In
415 821 620 894 Lutherum
640 818 745 890 Bulla
762 765 916 899 'Leonis
1119 821 1182 933 23·
1265 779 1270 792 ¹

137 1014 295 1078 seductivi
312 1017 357 1094 a),
390 1033 485 1099 quarn
509 1010 649 1095 denique
673 1011 735 1073 sint
760 1022 869 1075 eontra
889 980 1014 1074 omnam
1033 1008 1165 1074 charita·

138 1120 436 1190 remuneransis
463 1114 615 1176 Romana
642 1112 782 1175 eeclesiae
800 1111 906 1175 matris
927 1111 1068 1173 omnium
1087 1111 1165 1172 lide·
1198 1136 1202 1142 ·

137 1220 232 1295 lium,
244 1221 276 1293 d)
296 1229 328 1280 et
347 1216 501 1301 magistro
525 1213 642 1290 udaie)
662 1215 887 1290 reverentiam,
915 1223 1011 1297 atque
1031 1232 1165 1275 nervum

134 1383 368 1401 m

209 1504 279 1545 mus
298 1488 370 1559 quia
387 1502 428 1565 οξ
444 1488 568 1545 veritate
584 1500 699 1543 sumus.
742 1486 784 1542 Et
801 1487 903 1556 Beda,
925 1504 988 1542 non
1002 1489 1098 1543 malus
1116 1504 1166 1541 au.

208 1561 298 1631 thor:
317 1574 390 1631 Sunt
407 1573 459 1645 qui
476 1590 551 1629 oves
568 1573 697 1640 Christi,
715 1572 823 1644 inquit,
842 1589 904 1627 non
922 1590 1026 1627 amore
1045 1571 1166 1638 Christi,

209 1659 263 1713 sed
281 1674 343 1713 sua
362 1658 409 1714 vel
428 1658 548 1728 gloriae,
565 1658 613 1711 vel
631 1658 863 1725 dominationis,
887 1658 935 1711 vel
953 1667 1083 1728 quaestus
1101 1673 1166 1724 gra.

209 1744 248 1798 tia
276 1755 412 1819 pascant.
456 1745 506 1799 De
536 1743 646 1815 quibus
673 1743 709 1796 ad
732 1742 941 1815 Philippenses
968 1742 1167 1813 conqueritur

208 1828 339 1885 Paulus:
372 1831 441 1885 Hoc
459 1827 575 1884 idcirco
592 1828 730 1900 pluribus
748 1829 907 1895 admonui,
925 1846 963 1884 ne
981 1844 1113 1899 unquam
1132 1844 1167 1881 ea

209 1913 262 1967 tibi
286 1913 395 1969 fiducia
421 1913 547 1981 incidat,
586 1923 619 1967 ut
653 1913 807 1968 arbitreris
831 1915 1040 1984 hujuscemodi
1076 1913 1166 1967 bullis

209 2015 302 2070 posse
329 2008 359 2053 te
386 1998 551 2052 averitatia
569 1998 666 2053 studio
686 1998 857 2055 absterrere
884 2016 959 2065 nos,
987 2009 1015 2054 et
1040 2000 1166 2054 adilec.

211 2084 294 2139 tione
312 2082 374 2139 Dei
402 2099 554 2155 separare.
603 2082 722 2156 Quippe
748 2084 777 2138 in
801 2085 938 2139 Domino
967 2082 1165 2139 confidimus:

212 2169 287 2238 apud
309 2160 420 2238 ouem,
450 2179 527 2223 teste
543 2167 627 2236 Job,
652 2168 796 2223 fortitudo
823 2181 867 2222 est
893 2180 922 2223 et
941 2168 1098 2240 sapientia,
1116 2166 1166 2237 qui

211 2254 296 2307 novit
315 2263 345 2306 et
362 2255 580 2324 decipientem,
600 2253 696 2323 etqui
715 2253 877 2325 decipitur:
909 2254 959 2324 qui
978 2253 1100 2307 effundit
1117 2252 1168 2305 de.

209 2339 398 2410 spectionem
415 2355 507 2410 super
518 2339 695 2408 Principes,
714 2349 743 2393 et
760 2339 876 2409 eosqui
890 2339 1024 2410 oppressi
1037 2340 1166 2405 fuerant,

211 2425 333 2481 relevat.
371 2424 534 2497 Responde
552 2424 624 2477 mihi
646 2441 740 2492 vero,
767 2425 834 2496 quis
856 2425 1018 2496 permansit
1037 2425 1064 2480 in
1084 2440 1166 2477 man.

212 2509 286 2561 datis
296 2507 436 2576 Domini,
456 2516 486 2563 et
499 2508 660 2562 derelictus
672 2512 737 2565 est?
754 2510 886 2565 Proinde
899 2527 960 2564 non
972 2519 1002 2564 te
1014 2510 1166 2575 timemur,

214 2592 297 2647 Leo!
324 2602 589 2664 quantumcunque
615 2590 814 2650 ferocientem
841 2596 940 2651 etiam.
987 2595 1061 2650 Non
1087 2593 1166 2648 enim

211 2677 324 2749 poteris
350 2687 489 2739 evertere
514 2677 643 2733 tribunal
672 2680 802 2748 Christi,
837 2698 898 2752 quo
925 2681 1086 2735 nobiscum
1111 2672 1165 2733 tibl

211 2763 341 2817 eundum
352 2773 413 2830 est,
433 2772 462 2818 et
474 2763 511 2817 ad
522 2764 603 2834 quod
617 2775 820 2835 provocantes
832 2783 907 2833 nos,
927 2784 997 2822 cum
1011 2764 1166 2836 Propheta

211 2847 355 2906 dicimusa
391 2847 510 2902 iustitia
532 2848 604 2919 justi
629 2866 721 2921 super
746 2867 826 2907 eum.
874 2851 947 2905 llaec
974 2850 1081 2906 fiducia
1110 2857 1164 2902 est.

210 2932 278 3001 Tu,
303 2933 328 2986 si
344 2950 395 2988 me
414 2934 511 3001 audis,
529 2951 592 2989 non
610 2947 676 2989 ante
698 2936 901 3003 cognitionem
919 2935 1072 2990 damnabis
1095 2937 1166 2989 frat·

210 3035 276 3074 rem
294 3027 395 3076 tuum:
415 3021 489 3092 quin
512 3020 612 3091 potius
631 3022 814 3075 revelatione
834 3022 911 3075 tacta
930 3020 1062 3075 veritatis
1080 3023 1167 3078 cedat

211 3120 302 3159 error
317 3105 454 3172 ueritati,
472 3114 505 3159 ut
522 3115 606 3163 recte
619 3105 648 3160 in
662 3106 801 3161 Concilio
812 3106 1036 3174 Carthaginensi
1047 3109 1166 3163 monuit
1257 3101 1266 3124 “

208 3189 366 3245 Zosimus.
386 3190 443 3244 Sed
456 3190 521 3259 jam
540 3190 633 3262 pluris
649 3208 739 3263 quam
757 3192 902 3264 oportuit,
917 3191 1103 3266 interpellavi
1117 3203 1145 3249 te
1151 3209 1162 3264 3

208 3274 296 3343 igitur
314 3275 433 3330 Bullatn
450 3280 657 3347 prosequere!

173 3389 203 3454 a)
221 3385 293 3441 lloc
308 3385 499 3457 respectiva,
516 3385 588 3457 quid
606 3389 675 3442 est?
689 3386 752 3442 Dic
770 3397 891 3458 aperte,
907 3395 942 3442 ut
959 3387 1120 3459 capiamus.

171 3481 203 3546 t)
219 3479 249 3535 st
261 3479 304 3537 ,ad
321 3479 517 3538 insatiabilem
536 3491 617 3537 tuam
636 3481 787 3536 avaritiam
806 3480 945 3552 respiciat
961 3481 1038 3551 quis.

172 3574 204 3643 e)
222 3575 280 3630 Hie
309 3582 393 3629 tuam
423 3575 639 3638 conscientiam
662 3574 780 3647 appello
799 3574 938 3630 Decime.
987 3573 1053 3628 Nisi
1070 3588 1164 3628 vocas

208 3660 386 3727 charitatem
402 3668 435 3715 tu
451 3660 611 3728 servilem,
629 3676 695 3732 qua
713 3658 766 3714 tibi
784 3659 835 3727 lit,
853 3658 1087 3728 subjectionem.

170 3773 202 3837 t)
220 3768 370 3824 Violentae
393 3770 573 3839 tyrannidis,
599 3779 629 3826 et
646 3785 712 3841 quaa
730 3768 795 3832 iieri
813 3784 872 3826 nec
895 3766 1008 3836 possit,
1036 3785 1095 3822 nec
1113 3768 1164 3822 de.
1195 3833 1198 3841 Ι

206 3855 296 3922 beat,
325 3853 433 3924 cuique
458 3856 521 3911 hoc
544 3856 711 3927 prasertim
728 3865 886 3926 tempore,
911 3851 1005 3915 resisti
1024 3860 1166 3933 oporteat

207 3954 436 3994 animosissime.

172 4031 205 4102 e)
222 4031 331 4106 Qualis
348 4031 428 4087 bone
446 4031 584 4088 Christe!
603 4033 670 4088 fidel
688 4033 826 4102 magistra
844 4040 905 4100 est,
925 4049 990 4103 quas
1009 4031 1162 4103 publicam

106 4146 113 4157 ·
207 4116 298 4172 lidetn
326 4116 443 4185 abolet,
476 4127 508 4172 et
532 4103 693 4174 in‘terlecto
716 4117 913 4187 jurejurando
942 4118 1079 4188 pejerare
1107 4137 1165 4175 nos

206 4204 316 4270 docet,
352 4220 367 4257 a
390 4203 535 4272 religione
557 4213 656 4258 autem
674 4204 768 4263 aliena
792 4202 866 4257 adeo
886 4211 945 4268 est,
975 4210 1007 4256 ut
1026 4218 1163 4258 scomma

206 4287 315 4343 Roma
327 4289 381 4343 sit:
402 4287 480 4347 bene
493 4289 688 4344 christianum
702 4289 770 4345 dici.
798 4288 845 4342 'sc
863 4303 939 4340 vero
952 4288 1047 4353 ridet,
1067 4297 1165 4341 tuum.

205 4391 265 4443 qtre
283 4383 419 4428 sanctum
438 4375 623 4441 euangelium
640 4374 732 4430 habet
749 4391 806 4445 pro
830 4371 941 4436 fabula,
976 4370 1163 4436 Pe¹d01²0⁸s
1245 4406 1249 4416 ·

207 4457 343 4520 Christe!
361 4459 418 4515 nisi
437 4457 505 4526 hac
520 4460 560 4515 ita
575 4460 742 4522 habenturl
