2618 5108
248 79 728 277 '‘W-‘¹
769 248 789 260 θ

405 760 607 837 Praedones
656 762 841 864 Dialogus.
1062 774 1135 854 213

119 950 199 1015 dum
217 949 461 1032 pertinacissime
480 954 676 1018 consentiant
693 954 753 1019 bic.
790 956 870 1019 Nam
887 959 989 1022 solum
1008 973 1057 1024 est
1072 961 1136 1025 boc

114 1049 283 1129 mannan,
299 1049 335 1115 in
353 1073 420 1136 qno
438 1052 524 1117 idem
543 1051 595 1116 isti
612 1056 739 1131 nolunt,
757 1055 840 1120 idem
857 1060 979 1124 volunt.

104 1184 140 1219 s·
496 1168 524 1231 F
532 1169 753 1233 ranciscus.

119 1304 122 1309 ·
153 1296 156 1301 ·
172 1264 280 1329 --flinc
296 1264 347 1330 itta
363 1277 442 1349 puto
463 1267 498 1330 in
514 1270 690 1332 Lutherum
708 1273 910 1353 conspiratio.

516 1385 729 1449 Huttcnus.
1023 1446 1024 1450 ,

191 1479 279 1544 Hinc
297 1481 381 1546 etin
398 1484 485 1548 alios.
523 1485 603 1548 Nam
622 1483 692 1568 quis
711 1495 797 1550 recte
816 1486 928 1550 doctus
947 1487 987 1551 ab
1005 1486 1064 1551 illis
1082 1499 1132 1550 tn-

114 1588 170 1646 lm
187 1579 260 1644 «tt

507 1698 761 1764 Franciscns.

197 1797 249 1860 Ob
266 1798 346 1859 banc
366 1819 441 1860 reor
459 1821 599 1875 cansam,
621 1801 695 1882 qnia
715 1802 889 1880 periculum
907 1801 968 1864 sibi
987 1811 1055 1877 cst,
1076 1800 1133 1863 ubi

116 1916 233 1958 verum
258 1897 427 1974 praedicant
453 1898 514 1975 illi,
545 1919 586 1959 nc
616 1885 800 1981 redigamus
828 1901 862 1962 in
890 1901 1048 1977 ordinem,
1080 1915 1134 1963 aut

113 2015 230 2078 pamm
248 1994 382 2058 feliciter
400 1996 458 2058 sibi
477 1998 567 2059 cedat
585 1999 784 2063 mendicatio.

511 2113 730 2176 Huttenus.
1025 2176 1028 2182 ,

195 2210 248 2274 Ob
266 2211 347 2272 hanc
365 2211 481 2290 ipsam,
512 2222 544 2273 et
563 2204 637 2294 quia
656 2212 837 2276 crassissimi
855 2235 927 2276 cum
946 2211 1026 2288 sint,
1056 2206 1134 2275 doc·

117 2310 233 2376 trinam
251 2311 309 2375 iltis
329 2310 488 2389 invident,
520 2322 552 2375 et
569 2314 613 2394 dc
630 2315 730 2378 doctis
749 2314 948 2397 suspicantur
967 2314 1045 2376 mule
1066 2322 1135 2375 ont·

116 2411 225 2476 nabsan.

497 2503 523 2565 F
532 2505 749 2567 ranciscus.

194 2603 270 2664 Non
288 2601 413 2682 injuria.
449 2605 528 2665 Nam
547 2604 641 2666 litera
661 2605 810 2682 suerum,
830 2627 888 2689 per
907 2624 984 2688 quas
1002 2601 1135 2686 resipiat

119 2713 303 2786 tempestate
320 2706 379 2767 hac
399 2705 576 2766 Germania.

522 2821 740 2883 Huttcnus.

195 2919 352 2983 Fuerunt.

500 3036 751 3098 Franciscus.

194 3135 303 3219 Atque
313 3135 422 3198 cadem
437 3151 546 3209 crunt,
567 3147 664 3214 puto,
686 3156 755 3218 quae
769 3133 900 3194 exitium
911 3129 969 3194 ntis
981 3130 1138 3194 adferent.

524 3252 737 3313 Huttcnus.

196 3352 336 3428 Eadem,
374 3351 627 3415 commonefactis
665 3349 774 3427 vobis,
813 3370 855 3411 ne
885 3349 1016 3429 posthac
1046 3365 1137 3408 aures

117 3451 286 3535 praebeatis
307 3451 529 3533 parasitastris,
552 3453 764 3532 adtemperatc
789 3449 894 3511 omnia
922 3443 1138 3528 loquentibus,

119 3564 153 3616 et
177 3551 367 3615 facientibus
394 3553 471 3615 dnm
495 3571 530 3614 se
557 3563 710 3634 augeant,
735 3571 795 3612 vos
815 3547 1002 3628 compilent,
1023 3544 1074 3626 pia
1093 3542 1141 3604 in·
1239 3550 1244 3558 '

119 3665 239 3716 tentata
257 3652 383 3717 fraude.

503 3767 766 3847 franciscus.

200 3870 259 3932 Est
279 3868 420 3953 quadam
439 3866 536 3949 igitur
555 3867 607 3947 pia
626 3867 719 3931 etiarn
736 3863 849 3928 fraus?

526 3985 745 4055 Huttcnns.

202 4083 253 4148 ltti
274 4106 343 4148 csse
359 4084 485 4158 dicunt,
516 4104 622 4145 rerum
641 4095 753 4145 natura
781 4093 890 4164 negat,
921 4092 954 4142 et
972 4079 1145 4141 detestatus

124 4192 217 4254 Deus
224 4232 234 4262 ,
265 4186 322 4270 qui
341 4186 479 4248 veritatis
503 4185 723 4265 praedicatione
743 4184 782 4242 ad
802 4183 850 4243 sni
871 4185 987 4242 cultum
1007 4177 1146 4238 excitare

85 4290 91 4305 '
125 4309 229 4372 genus
256 4287 426 4350 humanum
462 4284 581 4359 voluit,
612 4283 783 4348 mendaciis
809 4292 841 4344 ct
868 4278 1049 4344 fictionibus
1081 4294 1148 4336 nou

124 4387 239 4461 votuit.
351 4452 354 4459 .
