2618 5108
198 810 271 885 sn
443 809 529 884 oc.
543 807 740 883 emnem
761 808 966 909 responsio

81 990 83 994 ⁴
197 998 390 1066 Pontificum
423 1003 572 1071 butum
615 1000 819 1080 mdiriouu,
854 1024 928 1087 quas
958 1001 1134 1086 Evangelio
1163 1023 1215 1066 re·

198 1110 351 1184 pugnam.
522 1128 527 1137 ·
803 1146 809 1157 .
1119 1144 1122 1151 -

201 1224 249 1257 :··
273 1203 492 1264 Erasmuss·
513 1199 586 1266 Jsm
602 1218 682 1264 mro
702 1203 829 1279 nescio,
844 1225 899 1266 an
918 1200 994 1266 nihil
1013 1202 1215 1265 tribuendum

199 1299 241 1364 sit
259 1303 459 1384 quorundam
488 1301 680 1382 suspicioni,
707 1303 765 1386 qui
790 1304 950 1377 dictitant,
976 1302 1152 1369 thirrenum
1171 1322 1214 1362 ex

197 1399 305 1484 equite
324 1401 442 1465 fuctum
467 1400 698 1478 sedentarinm,
719 1402 905 1483 hujusmodi
931 1402 1052 1465 liheiios
1070 1401 1110 1462 sd
1129 1420 1216 1483 qne·

198 1509 280 1563 dum
297 1501 455 1578 scribere,
482 1521 623 1586 eumque
639 1501 815 1584 geminum:
844 1503 918 1565 dum
936 1500 1019 1563 ethi
1037 1511 1214 1576 numerant,
1232 1550 1237 1559 .

196 1597 254 1682 qui
272 1600 455 1663 conducunt
472 1621 619 1682 operam,
631 1626 635 1643 ²
647 1613 682 1664 et
699 1604 736 1664 in.
751 1623 833 1685 quos
850 1600 959 1665 scribit
976 1598 1112 1682 pecunia
1127 1599 1214 1665 redi·

195 1710 302 1777 munt,
321 1720 380 1777 ne,
402 1703 491 1783 quod
509 1702 661 1785 scriptum
679 1712 743 1778 est,
763 1703 906 1766 edatur..

200 1799 222 1857 -i
279 1800 401 1865 Otto-1
424 1801 575 1865 Primum
602 1802 733 1867 testibus
766 1799 990 1884 probatissimis
1018 1799 1215 1875 docebimus,

197 1901 372 1979 Huttenum
390 1899 462 1965 libri
481 1912 684 1983 exceptorem
702 1901 859 1965 nescisse:
892 1900 1009 1964 deinde
1029 1900 1075 1962 sic
1094 1921 1111 1962 e
1131 1899 1214 1963 vivis

197 2001 390 2080 excessisse,
409 2013 446 2066 nt
464 2003 693 2085 typographum
709 2011 796 2063 cento
813 1999 993 2064 nesciverit.
1030 2001 1107 2061 Hoc
1114 1999 1215 2062 literis

196 2101 331 2165 Hntteni
342 2102 559 2183 manuscriptis
567 2100 810 2164 contestabimur
822 2101 862 2162 ad
872 2107 1214 2164 Joarmemd‘chottmn.

195 2199 307 2264 Verba
337 2201 413 2278 ejus
436 2201 575 2282 epistole
602 2203 666 2264 bec
685 2211 776 2262 sunt:
810 2198 898 2279 „Qui
917 2198 1217 2279 Expostulntionem

195 2321 315 2377 mesu,
336 2301 461 2385 inquit,
473 2300 622 2377 excudit,
639 2301 756 2391 bonsrp
773 2301 861 2364 dedit
881 2319 1040 2382 operam„
1052 2310 1087 2361 ut
1105 2299 1216 2376 vides3
1305 2314 1308 2323 “

194 2399 249 2464 Dii
269 2399 400 2482 gratiam
419 2400 572 2477 bsbesrtt,
592 2402 735 2484 quisquis
755 2405 819 2465 est!
838 2401 965 2475 Audio,
984 2420 1215 2481 curare-quom

194 2499 283 2577 dur,
297 2509 351 2561 „ut
369 2501 552 2573 traducatur
573 2501 770 2565 Teutonico:
802 2502 890 2585 quod
915 2501 942 2563 si
961 2501 1003 2562 ita
1021 2510 1083 2575 est,
1115 2519 1215 2580 rogo,

195 2609 233 2663 ut
251 2599 316 2662 fide
337 2598 455 2680 optima
473 2601 622 2664 excutias.
669 2603 754 2682 Quid
784 2602 881 2684 igitur
908 2621 993 2663 nune
1020 2600 1130 2679 praeda
1151 2611 1214 2676 cst,

195 2722 265 2785 quse
289 2720 426 2777 merces,
457 2721 552 2785 quam
580 2700 682 2764 imos
708 2701 846 2780 coniecit
877 2702 1107 2781 typographus,
1139 2720 1217 2763 cum

194 2803 425 2884 typographum
440 2800 620 2882 ¹ipse-uon
647 2786 803 2865 noverat?
835 2802 897 2864 Sed
932 2799 1095 2879 adjuretur
1118 2800 1216 2864 etiam

194 2905 410 2985 typographus
423 2901 649 2982 jurejurando,
669 2901 861 2966 sanctissime
871 2901 1020 2963 fatebitur
1028 2935 1044 2975 ,·
1056 2921 1098 2963 ne
1110 2920 1216 2964 assem

194 3003 325 3084 quidem
342 3004 550 3079 tre-domne,
568 3015 717 3067 ceterum
735 3023 793 3085 par
812 3003 906 3063 aiium
924 3001 1057 3063 amicum
1073 3001 1215 3066 libellum
1271 3004 1279 3021 ‘

194 3101 238 3162 itti
265 3101 395 3166 venisse
412 3103 452 3164 in
476 3120 614 3166 manus.'
642 3106 685 3167 Et
708 3104 863 3166 donemus
883 3122 957 3165 sane
978 3102 1213 3183 suspicionibus

196 3199 330 3284 aliquid,
351 3198 506 3265 donemus
526 3221 640 3267 munus
661 3204 828 3278 obtulisse,
851 3205 901 3265 vel
918 3222 1100 3265 numerasse
1120 3202 1215 3284 quid-

193 3301 296 3383 pium3
312 3312 470 3367 temerat
485 3314 599 3386 turpe,
626 3305 866 3387 pro·lsboribus
886 3304 1021 3386 aliquam
1040 3304 1147 3373 vicem,
1160 3325 1215 3366 re-

194 3399 322 3482 cipere?
341 3412 413 3464 eum
432 3413 468 3466 tu
485 3422 603 3486 negare
623 3426 690 3466 non
702 3405 827 3485 possis,
846 3404 989 3467 ierehoc
1004 3404 1074 3466 solo
1091 3413 1216 3485 questu

194 3514 324 3566 tenone
344 3504 402 3579 ab,
421 3515 458 3566 et
473 3504 642 3569 maximum
656 3507 985 3584 lucrumreportasse,
1005 3502 1107 3565 multis
1121 3503 1213 3567 annis

194 3602 267 3685 jam.
300 3607 352 3668 An
381 3607 478 3667 latere
507 3627 565 3668 nos
592 3618 700 3684 putas,
736 3604 859 3687 quantis
889 3603 1054 3682 impensis,
1091 3615 1213 3686 quanto

195 3705 279 3768 festu
297 3716 330 3767 te
349 3724 433 3767 nunc
450 3706 541 3767 fovet
560 3706 687 3768 Basileae
707 3714 898 3783 Frobenius‚
927 3706 982 3768 vix
1001 3704 1215 3767 ducentorum

196 3822 365 3868 aureorum
382 3805 536 3886 sumptu?
560 3806 599 3867 ld
617 3818 653 3868 tu
671 3807 698 3869 si
718 3805 902 3888 negaveris,
922 3808 955 3866 in
974 3806 1097 3868 Basilea
1117 3824 1215 3869 nemo

195 3907 258 3969 hoo
288 3925 355 3967 non
379 3905 482 3966 norit.
533 3906 630 3986 Quod
661 3908 759 3989 igitur
778 3907 835 3967 tibi
854 3906 943 3981 licet,
978 3907 1038 3968 soli
1068 3907 1215 3969 Hutteno

196 4026 262 4066 non
285 4005 417 4066 licebat?
448 4006 511 4068 Sed
530 4007 604 4069 nihil
623 4018 670 4068 cst
688 4010 750 4069 hoc
768 4007 897 4082 mirum,
925 4026 998 4068 cum
1015 4027 1075 4069 nce
1094 4004 1128 4067 iu
1147 4017 1215 4071 tota

195 4106 246 4167 itta
266 4105 414 4186 Spongia
437 4125 534 4186 grave
566 4107 727 4189 quidpiam
757 4119 812 4169 aut
842 4107 972 4189 dignum
1002 4107 1064 4168 fide
1084 4106 1213 4181 habens,

197 4224 290 4289 quam
310 4207 398 4286 quod
419 4206 601 4284 suspicaris,
630 4207 769 4280 divinas,
796 4208 976 4289 auguraris,
1006 4208 1214 4286 improperas,

197 4306 371 4388 non·q110d
390 4305 513 4380 vidisti,
543 4307 601 4368 sed
620 4308 709 4388 quod
728 4319 857 4388 apparet
876 4319 909 4370 et
940 4308 1087 4382 videtur,
1122 4309 1215 4390 qnod

170 4476 174 4484 ,
198 4410 373 4472 retulerunt
392 4405 481 4470 amici
499 4418 585 4470 etex
605 4407 787 4472 rumoribus
803 4419 991 4487 conceptum
1007 4420 1065 4471 est.
1103 4411 1213 4490 Atque
