2618 5108
731 1108 788 1189 c)·

335 1331 338 1336 ·
426 1306 719 1383 Martini
768 1310 1062 1386 Lutheri

721 1481 768 1536 ad

233 1619 1252 1720 ErasmumRoterodamunn

603 1763 880 1907 Epistolal)
949 1888 953 1898 ,

230 2122 353 2221 Gratia
372 2163 405 2218 et
422 2175 484 2238 pax
507 2150 677 2218 aDomino
698 2163 808 2217 nostro
829 2154 906 2217 Jesu
921 2151 1065 2216 Christo!
1087 2153 1157 2216 Jam
1175 2144 1251 2216 satia

204 2252 287 2318 'diu
312 2253 403 2330 silui,
431 2252 549 2336 optime
568 2253 716 2328 Erasme,
744 2264 775 2316 et
804 2254 945 2337 quamvis
966 2263 1185 2334 expectarem,
1217 2263 1253 2314 ut

230 2362 265 2413 tu
285 2350 388 2431 major
408 2363 439 2414 et
458 2350 548 2434 prior
567 2352 688 2414 silentia
706 2374 884 2434 rumperes,
907 2365 1019 2427 tamen,
1040 2372 1108 2412 eum
1132 2352 1251 2414 frustra

229 2450 422 2534 expectarim
436 2448 584 2526 tamdiu,
605 2450 671 2532 ipsa
686 2463 763 2530 puto
788 2453 896 2514 caritas
917 2476 966 2513 me
983 2450 1068 2533 cogit
1090 2450 1244 2531 incipere.

213 2541 371 2613 ¹Primuin
389 2551 466 2612 nihil
491 2571 623 2626 causor,
656 2551 744 2634 quod
765 2552 948 2614 alieniorem
967 2563 997 2612 te
1019 2572 1094 2631 erga
1114 2571 1174 2611 nos
1196 2551 1249 2612 lra-

150 2656 154 2665 '
204 2654 207 2660 “
229 2649 355 2727 bueria,
383 2671 449 2734 quo
472 2650 571 2732 magis
599 2651 655 2712 tibi
674 2661 757 2713 esset
786 2650 908 2734 integra
927 2662 958 2714 et
977 2653 1060 2712 salva
1080 2670 1175 2710 causa
1197 2660 1249 2711 tua

229 2763 340 2814 contra
367 2753 472 2814 hostes
498 2770 586 2812 meos
616 2752 769 2831 Papistas.
815 2749 964 2833 Denique
990 2771 1055 2811 non
1087 2769 1173 2828 aegre
1194 2746 1246 2811 tuli

228 2851 408 2928 admodum,
422 2851 510 2936 quod
526 2848 617 2914 editis
632 2850 752 2924 libellis,
767 2849 801 2911 iu
818 2850 936 2933 aliquot
952 2849 1028 2913 loeis
1042 2870 1101 2930 pro
1122 2850 1249 2913 illorum

227 2952 326 3033 gratia
345 2951 511 3033 captanda,
535 2960 588 3010 aut
607 2949 717 3011 lurore
738 2949 929 3032 mitigando,
949 2971 1008 3012 nos
1031 2949 1250 3010 acerbiuecule

225 3049 436 3112 momorderis
466 3059 497 3112 et
527 3048 761 3130 perstrinxeris.
806 3047 943 3129 Quando
979 3049 1061 3110 enirn
1091 3047 1249 3121 videmus,

225 3150 369 3211 nondum
386 3169 456 3211 esse
472 3148 529 3210 tibi
540 3150 568 3210 'a
583 3147 722 3211 Domino
738 3149 838 3211 datam
851 3170 919 3211 eam
938 3148 1176 3222 fortitudinem,
1197 3146 1251 3208 vel

227 3258 258 3308 et
278 3267 421 3320 sensum,
454 3259 490 3309 ut
516 3248 663 3310 monstris
693 3246 752 3308 illis
772 3249 888 3311 nostris
916 3249 1014 3309 libero
1045 3259 1076 3309 et
1103 3245 1251 3309 videnter

227 3369 376 3412 occurras
408 3345 584 3410 nobiscum.
632 3348 699 3408 Nec
726 3346 747 3408 ii
767 3367 889 3423 sumus,
924 3348 980 3429 qui
1008 3369 1025 3406 a
1056 3360 1085 3408 te
1115 3347 1250 3426 exigere

226 3452 396 3512 audeamus
422 3447 472 3522 id,
510 3449 599 3528 quod
628 3446 710 3509 vires
746 3458 778 3507 et
804 3448 934 3508 modum
964 3468 1068 3508 meum
1107 3456 1251 3524 superat.

226 3550 313 3632 Quin
330 3545 572 3609 imbecillitatem
597 3567 699 3607 meam
724 3557 755 3608 et
775 3566 953 3609 mensuram
980 3546 1056 3608 doni
1083 3544 1143 3606 Dei
1165 3544 1250 3606 inte

227 3648 446 3722 toleravimus,
480 3657 512 3707 et
538 3645 680 3708 venerati
709 3643 838 3708 suimus.
887 3650 967 3708 Nam
997 3648 1028 3707 id
1057 3648 1148 3726 plane
1180 3664 1248 3706 non

225 3760 333 3829 potest
350 3765 467 3828 negare
481 3755 566 3809 totus
582 3746 685 3822 orbis,
706 3747 795 3830 quod
808 3747 903 3809 literae
916 3749 1031 3808 florent
1052 3759 1084 3806 et
1101 3756 1249 3826 regnaut,

188 3842 190 3846 ἱ
223 3872 283 3930 per
316 3869 394 3931 quas
426 3845 467 3906 ad
499 3846 651 3909 sinceram
692 3847 869 3910 Bibliorum
902 3847 1071 3907 lectionem
1108 3847 1248 3919 venitur,

225 3950 345 4011 donum
377 3944 471 4007 etiem
498 3945 561 4009 Dei
594 3947 627 4007 in
655 3957 687 4007 te
707 3966 777 4009 esse
794 3946 994 4026 magnificum
1014 3957 1045 4006 et
1066 3946 1248 4025 egregium,

224 4049 264 4109 de
295 4067 361 4132 quo
390 4044 504 4127 gratias
533 4065 629 4126 agere
660 4044 813 4125 oportuit.
862 4045 1003 4107 Proinde
1032 4065 1093 4127 ego
1118 4041 1250 4125 quidem

224 4165 386 4229 uunquam
410 4141 533 4222 optavi,
563 4155 598 4206 ut
627 4144 750 4207 deserta
775 4155 829 4207 aut
849 4147 992 4228 neglecta
1012 4162 1160 4206 mensura
1182 4151 1248 4214 tua,

260 4354 290 4418 ⁴)
313 4364 361 4406 Aus
380 4361 488 4405 Erasmus
506 4360 624 4421 werten,
646 4364 711 4409 Tum.
729 4366 776 4409 111.
792 4367 864 4419 prtor
882 4365 923 4411 der
940 4362 1019 4408 Lem
1031 4373 1108 4406 ruer
1126 4360 1238 4417 Ausgale

291 4445 442 4502 abredruclrt.
476 4444 503 4490 ln
522 4445 567 4492 der
584 4446 617 4492 ιι
635 4447 785 4497 Ctereadren
801 4444 909 4498 befmdet
926 4449 961 4494 sie
979 4447 1029 4492 sich
1048 4445 1124 4490 nicht.
