2618 5108
199 810 271 930 ²⁶⁸.
491 809 534 883 In
560 806 763 887 Concilium
788 811 933 883 Worm.

200 1001 258 1088 qui
283 1003 317 1067 iu
343 1003 429 1068 omni
457 1003 635 1071 sinceritate
662 1015 695 1066 et
720 999 960 1068 mansuetudine
986 1011 1125 1082 praeeant
1150 995 1231 1062 eliis·

199 1106 258 1171 Est
276 1104 338 1169 ltoo
362 1106 541 1186 Episcopos
568 1105 662 1169 esse?
695 1117 750 1168 aut
771 1103 966 1168 Christianos
986 1115 1033 1165 cst
1051 1106 1113 1166 hoc
1132 1100 1231 1164 esse?

200 1206 233 1271 Si
261 1218 504 1269 nos'vexarcnt
533 1207 601 1283 alii,
629 1227 688 1270 vos
715 1208 871 1268 consolari
902 1204 1079 1267 debebatis.
1124 1207 1230 1284 Quam

197 1321 390 1392 praepostere
411 1320 547 1392 aguntur
567 1307 664 1392 igitur
684 1309 807 1370 omitia!
835 1310 865 1370 A
880 1305 995 1390 quibus
1016 1306 1136 1366 bonum
1155 1322 1230 1384 spe·

199 1430 271 1473 rure
291 1411 519 1486 conveniebat,
540 1411 562 1473 ii
582 1412 660 1472 male
681 1409 823 1471 inserunt
843 1409 968 1470 abunde
990 1408 1080 1480 satis,
1105 1427 1142 1466 ac
1159 1425 1229 1466 mo·

198 1511 295 1575 lestiis
323 1533 403 1587 nos,
431 1513 544 1574 dolore
572 1522 604 1572 et
632 1510 851 1573 afflictionibus
882 1521 1064 1592 aggravant.
1110 1509 1229 1569 Nonne

197 1611 294 1694 igltur
313 1625 400 1677 recte
421 1634 490 1677 oum
510 1623 700 1693 Ambrosio,
726 1623 837 1674 autore
857 1612 946 1693 gravi
967 1622 998 1672 et
1019 1621 1145 1684 sancto,
1167 1630 1229 1670 vo·

197 1713 246 1781 bis
269 1716 403 1778 dixero:
424 1736 540 1777 nornen
562 1718 679 1778 habetis
699 1715 792 1778 inane
813 1731 844 1776 et
864 1713 983 1776 crimen
1003 1712 1147 1786 numano,
1168 1712 1229 1772 ho-

196 1839 308 1882 norem
330 1816 510 1890 sublimem,
540 1833 572 1881 et
590 1817 686 1880 vitam
706 1818 902 1892 deformem,
937 1817 1079 1877 deilicatu
1100 1814 1228 1894 proles-

198 1917 338 1995 sionem,
375 1930 407 1980 et
438 1919 573 1981 illicitam
594 1919 767 1994 actionem,
798 1918 982 1998 religiosum
1003 1916 1228 1988 unionum-et

193 2019 405 2103 irretigtosum
422 2033 628 2100 provectum,
652 2023 784 2103 gradum
799 2021 977 2091 excelsum,
998 2028 1029 2079 et
1048 2016 1228 2079 deformem

199 2139 386 2197 excessum,
409 2121 441 2183 in
462 2122 591 2184 ecclesia
610 2122 728 2184 habetis
747 2120 924 2182 cathedram
944 2118 1170 2191 sublimiorem,
1193 2128 1228 2179 et

196 2224 357 2305 reperitur
384 2223 577 2285 couscientia
596 2235 698 2286 vestra
721 2222 881 2296 humilior;
911 2220 1104 2282 locutionem
1128 2216 1228 2282 simu·

196 2323 265 2386 letis
286 2324 514 2394 columbinam,
549 2337 582 2385 et
613 2337 748 2387 mentem
768 2322 887 2385 babctis
907 2320 1068 2397 caninam,
1099 2320 1228 2402 proles·

194 2421 318 2487 sionem
338 2424 516 2487 monstratis
529 2423 672 2503 ovinam,
694 2440 725 2488 ct
737 2427 929 2487 ferocitatem
944 2424 1062 2485 habetis
1075 2422 1225 2502 lupinam.

195 2522 238 2585 Ut
257 2545 315 2604 per
336 2526 528 2606 Propltetanr
548 2530 645 2608 possit
663 2527 851 2607 responderi
871 2526 983 2586 vobis:
1014 2526 1152 2605 populus
1172 2525 1226 2587 bie

193 2644 245 2691 tue
284 2626 374 2690 labiis
400 2628 528 2704 adorat,
560 2648 617 2690 cor
645 2646 750 2691 autem
782 2648 893 2690 eorum
922 2628 1017 2706 longe
1045 2637 1092 2688 est
1124 2648 1226 2688 arne.

192 2720 340 2793 Etiamne
375 2730 439 2792 haee
474 2736 505 2792 t'n
535 2752 594 2792 vos
621 2752 687 2792 non
711 2729 917 2809 competunt?
952 2730 1018 2790 Aut
1045 2728 1159 2788 modus
1192 2738 1226 2789 et

193 2848 341 2895 mensura
372 2845 419 2894 est
445 2852 574 2906 eorum,
606 2853 675 2914 quae
702 2852 743 2891 ex
770 2831 987 2910 probatissima
1014 2827 1169 2908 scriptura
1189 2826 1225 2890 in

194 2931 290 2995 vitum
310 2943 341 2994 et
360 2953 465 2995 mores
486 2945 609 2995 vestros
630 2934 692 2995 dici
712 2932 872 3012 possunt?
893 2933 1015 2992 Verum
1030 2930 1134 2994 surdis
1147 2951 1224 2991 cau-

193 3032 319 3096 tilenaut
341 3035 435 3107 haue,
456 3049 491 3095 ut
510 3035 616 3111 priora
638 3035 751 3096 omnia.
791 3035 842 3096 Sic
862 3035 893 3095 in
915 3045 1056 3099 Lutlzero
1078 3029 1164 3103 estis,
1186 3040 1225 3091 ut

193 3154 301 3218 neque
319 3134 418 3204 oculis
435 3155 541 3219 neque
558 3136 683 3198 auribus
700 3136 744 3197 uti
761 3147 846 3198 recte
865 3135 967 3200 liceat.
1008 3137 1092 3198 Talis
1110 3147 1157 3196 est
1173 3136 1224 3198 in·

192 3233 288 3298 vidia.
312 3235 363 3297 Sic
379 3257 439 3298 vos
449 3250 623 3299 occoceatos
632 3240 767 3301 reddidit
779 3239 882 3300 furor.
904 3239 949 3299 lta
961 3250 1124 3318 stuporem
1136 3258 1224 3300 men·

191 3333 276 3399 tibus
287 3336 324 3413 ⁰)
338 3336 467 3399 incussit
483 3322 704 3416 iracundiaf'i‘)
729 3340 790 3401 Ubi
808 3352 842 3402 ut
859 3340 1057 3423 reliquorum
1077 3339 1220 3403 omnium

191 3437 322 3522 gratiam
341 3437 434 3500 vobis
454 3438 584 3514 faciam,
605 3439 662 3502 ista
681 3442 860 3525 excogitata
881 3441 1002 3503 avobis
1016 3440 1221 3524 ingeniorum

192 3539 364 3622 supplicia,
397 3540 525 3602 minime
555 3542 695 3604 omnium
713 3546 846 3606 ferenda
865 3544 1025 3605 videntur.
1066 3543 1152 3624 Quid
1171 3542 1222 3605 in·

190 3640 318 3722 dignius
334 3642 421 3727 ‘enim
443 3663 537 3725 quem
553 3645 708 3722 proscribi
722 3645 871 3728 ingenia?
892 3644 985 3708 exuri
998 3643 1120 3705 libros?
1140 3643 1220 3706 abo·

190 3739 249 3803 leri
270 3739 400 3804 literas?
431 3743 567 3805 interimi
588 3745 796 3826 scripturam?
827 3749 971 3811 Etiamne
990 3746 1139 3809 studendi
1158 3767 1220 3809 no·

190 3841 239 3906 bis
252 3843 397 3906 'solatium
413 3844 570 3918 adimetis,
596 3859 628 3909 et
640 3848 797 3912 scribendi
814 3849 974 3911 fructum?
1000 3846 1219 3931 Colloqueudi

189 3951 223 4006 el
254 3943 448 4008 familiariter
485 3949 696 4011 conversandi
731 3974 792 4015 usu
824 3948 1041 4014 interdicetis?
1071 3948 1217 4012 homines

190 4056 331 4111 extreme
351 4050 550 4114 inclementes
572 4062 604 4112 et
622 4053 756 4117 barbari.
788 4053 851 4114 Sed
863 4053 927 4115 haec
946 4051 972 4113 si
986 4052 1083 4132 vulgo
1103 4071 1216 4112 move·

189 4148 274 4225 ritis,
298 4162 329 4211 et
349 4153 380 4212 in
401 4155 522 4233 populo
544 4155 752 4230 conaremini,
776 4167 879 4216 tamen
896 4154 979 4214 bello
996 4157 1029 4213 et
1045 4153 1130 4215 caede
1146 4151 1218 4213 vin·

189 4249 323 4315 dicanda
342 4254 536 4319 viderentur·
580 4255 674 4318 Nunc
694 4257 727 4319 in
748 4254 806 4319 illis
828 4259 863 4334 (o
884 4254 1063 4337 patientiam
1086 4254 1218 4316 Germa·

224 4463 254 4536 ⁸)
270 4471 413 4522 amisus:
431 4476 525 4522 neatis.
560 4465 603 4537 ss)
625 4471 887 4525 hebdomadarios
906 4476 977 4522 uobts
994 4468 1216 4531 durchsestrie'ben.
