2618 5108
394 826 400 839 ·
428 802 476 876 ad
501 785 876 901 Spongiam'Erasmi.
1101 796 1173 888 ddi

147 1011 224 1055 num
245 1001 294 1055 est
312 992 344 1056 in
363 992 523 1057 frontibus
540 993 675 1071 nostris,
707 994 841 1058 verbam
859 992 939 1072 Dei,
960 980 1050 1080 quod
1070 1015 1171 1081 agnos

144 1093 297 1173 dispescit
316 1095 356 1156 ab
375 1095 485 1157 hoedis.
529 1095 592 1157 Sed
611 1097 695 1158 aliud
714 1106 819 1158 tamen
838 1105 944 1158 mente
962 1106 1070 1173 tenes,
1088 1096 1168 1176 scio,
1192 1092 1195 1097 ⁴

146 1195 268 1256 tametsi
287 1194 334 1257 sic
352 1196 506 1278 iocpreris.

223 1296 420 1357 Erasinus.
459 1295 523 1374 Qui
541 1295 575 1356 in
594 1296 691 1357 classe
715 1295 900 1357 Lutherana
924 1294 985 1357 sibi
1007 1295 1170 1360 vindicant

147 1393 339 1473 spiritualem
367 1393 600 1476 cognitionem,
626 1394 790 1478 cogitent,
821 1405 854 1457 et
877 1415 913 1458 se
936 1416 1007 1459 esse
1026 1396 1168 1460 homines

147 1494 307 1566 obnoxios
326 1495 424 1557 malis.
996 1500 1003 1517 '

221 1595 329 1657 Otto.
366 1596 418 1657 Ex
438 1594 476 1658 iis
495 1615 589 1657 nemo
616 1605 665 1657 est
691 1595 847 1672 omniurn,
882 1595 997 1671 neda,
1024 1594 1080 1681 qaai
1105 1597 1168 1661 hoc

142 1714 209 1756 non
229 1693 340 1768 faciat,
370 1695 427 1778 qui
459 1716 526 1757 non
554 1707 754 1775 peccatorem
783 1714 818 1756 se
839 1705 990 1778 agnoscat
1008 1707 1041 1758 et
1058 1692 1168 1762 haberi

143 1794 229 1857 velit.
269 1795 332 1857 Sed
351 1794 426 1858 ideo
445 1815 512 1857 non
538 1785 741 1858 obticendurd
759 1807 808 1858 est
828 1797 980 1871 verbum,
999 1817 1067 1859 non
1091 1797 1169 1861 ideo

142 1913 209 1957 non
229 1906 276 1957 est
295 1896 503 1978 Evangeliurn
528 1895 793 1978 predicandum,
812 1896 887 1981 quia
904 1907 1089 1978 peccatores
1107 1917 1168 1960 nos

142 2015 263 2057 nimus.
310 1996 498 2059 Peccatores
526 1995 659 2058 verbum
688 2007 872 2070 tractamus,
905 1984 938 2059 c‘t
966 2015 1033 2057 non
1063 1995 1166 2061 minua

143 2094 306 2171 dolemus,
331 2097 420 2178 quod
438 2116 476 2157 ea
493 2096 691 2177 perfectione
709 2118 776 2159 non
794 2115 919 2173 sumus,
949 2116 1021 2179 qua
1040 2106 1167 2162 sanctos

143 2205 178 2256 et
196 2195 399 2276 Apostolicos
417 2195 505 2258 viros
526 2197 636 2272 decet,
669 2197 813 2280 quotidie
831 2198 894 2260 hoo
913 2205 1057 2273 orantes,
1078 2207 1115 2259 ut
1133 2198 1184 2261 at'

142 2296 207 2357 sita
227 2295 305 2358 Jesu
324 2294 475 2366 in·carne
494 2307 603 2360 nostra
620 2296 852 2360 manifestetur.

217 2397 416 2460 Erasmus.
454 2395 492 2459 lu
505 2397 651 2460 omnibus
663 2397 799 2462 articulis
812 2401 923 2481 prisca
940 2397 1073 2480 proditae
1088 2399 1165 2463 fidei
1272 2456 1273 2460 ,

141 2515 316 2564 consensus
336 2507 394 2560 est.

218 2599 327 2661 Otto.
366 2599 436 2661 lmo
462 2620 505 2662 ne
541 2619 624 2664 unus
656 2597 786 2683 quidem
822 2601 950 2682 integer
981 2599 1164 2681 permansit,

142 2719 239 2783 quern
258 2697 302 2760 iili
321 2718 389 2760 non
408 2699 629 2763 traditionibus
648 2701 714 2763 suis
728 2698 928 2777 vitiaverint,
946 2700 1163 2779 laceraverint,

140 2798 380 2880 profanaverint
398 2810 430 2862 et
450 2798 700 2863 obscuraverint.

215 2903 420 2964 Erasmus.
458 2897 529 2964 Cur
548 2901 591 2963 ob
611 2901 791 2980 paradoxa,
815 2901 926 2967 nescio
945 2911 1087 2986 quacetc.
1110 2932 1116 2943 ·

148 3042 152 3048 ·
212 3001 322 3064 Otto.
362 2999 446 3063 Nihil
474 3011 548 3064 sunt
576 3003 641 3063 haec
658 3003 820 3083 paradoxa
830 3006 844 3066 l·
871 3002 1033 3068 Christum
1060 3004 1163 3068 soluat

139 3120 212 3165 esse
231 3112 326 3182 caput
344 3100 508 3176 Ecclesiam
541 3101 713 3165 Ecclesiam
739 3123 806 3165 non
833 3079 921 3166 remi
929 3103 1066 3186 aliquam
1091 3124 1162 3168 esse

140 3203 357 3280 corporalem
386 3200 518 3264 Missam
537 3201 726 3264 sacrificium
744 3222 812 3264 non
830 3221 917 3278 esse;
948 3204 1045 3266 fidem
1063 3205 1163 3267 solani

139 3298 330 3378 iustificare3
351 3320 450 3383 opera
461 3312 569 3363 nostra
588 3313 718 3382 peccata
737 3323 825 3378 esse,
845 3313 879 3363 et
899 3303 1058 3366 neminem
1070 3303 1163 3381 justi·

138 3401 252 3475 ficare;
284 3420 395 3464 omnes
420 3400 564 3464 homines
593 3402 754 3467 obnoxios
775 3423 845 3466 ease
864 3413 1015 3482 peccam
1040 3404 1160 3467 nauum

142 3523 213 3568 esse
232 3501 327 3564 nobis
339 3501 520 3577 arbitrium
540 3500 645 3564 omnia
657 3501 787 3566 evenire
806 3523 826 3564 a
838 3502 1038 3575 necessitates
1056 3503 1162 3584 legem

138 3603 286 3666 abofitans
304 3623 395 3677 esse;
416 3604 483 3667 duo
505 3613 625 3673 tautum
643 3602 841 3665 Sacramenta
859 3623 946 3678 esse3
973 3602 1158 3666 traditiones

137 3706 232 3785 Papae
251 3703 410 3784 hereticas
438 3713 472 3763 et
499 3702 663 3782 scripturis
685 3703 833 3766 adversas
852 3721 937 3777 esse3
967 3713 1066 3766 sectas
1086 3721 1159 3767 essa

137 3805 351 3882 perniciosam
385 3814 486 3867 sectas
514 3803 750 3865 Monachorum
776 3823 820 3864 ex
843 3802 981 3865 Diabolo
1011 3823 1098 3879 esse,
1125 3813 1159 3867 et

139 3900 323 3981 hujusmodi
342 3915 512 3979 sexcenta,
537 3923 578 3966 an
596 3923 663 3966 non
686 3901 721 3964 in
744 3900 783 3964 iis
800 3911 887 3965 totus
906 3902 1003 3965 cardo
1022 3903 1157 3968 uertitur

138 4020 248 4065 rerunt
270 3999 537 4065 Christianarum?
567 4001 655 4083 Quid
681 4021 761 4084 ergo
781 4001 948 4064 cavillaris:
974 4002 1040 4074 „ob
1065 4024 1155 4084 para·

139 4103 241 4176 doxa,
263 4100 390 4176 nescio,
410 4101 528 4185 quaef“
546 4103 655 4182 Quare
673 4122 738 4162 non
757 4100 857 4165 libere
869 4101 964 4164 dicis:
986 4101 1029 4163 ob
1041 4123 1153 4186 nugas,

139 4201 260 4277 nescio,
276 4204 379 4284 quas?
399 4200 666 4283 Quandoquidem
681 4212 745 4264 tam
763 4201 839 4264 nihii
854 4201 1025 4283 suntapud
1045 4213 1092 4277 te,
1112 4203 1155 4266 de
1201 4246 1204 4251 -

136 4301 253 4385 quibus
274 4303 477 4375 affirmamus3
505 4321 578 4363 narn
596 4301 809 4380 perindehoc
827 4313 919 4365 esset.
972 4299 1058 4382 Quid
1077 4322 1154 4364 con·

135 4401 279 4482 jieiemus
304 4422 346 4464 er
376 4401 666 4466 inconstantissimis
694 4412 727 4465 ct
751 4399 964 4467 lubricisairnis
990 4400 1155 4465 Meandris
1204 4425 1211 4433 ·
