2618 5108
279 399 283 410 ι

332 753 506 809 adversus
532 736 769 836 adspergines
792 738 955 811 Hutteni.
1086 741 1158 821 atne

144 944 205 990 nee
223 925 380 990 Huttenus
405 927 531 991 videtur
548 930 607 992 hos
628 927 782 1010 probare,
802 951 884 1014 quos
904 928 1034 997 mcauos
1052 935 1158 1015 appeb

145 1029 196 1090 lat.
242 1028 323 1104 Sunt
357 1027 425 1103 elii,
456 1051 537 1110 qnos
572 1029 734 1108 suspicor,
767 1052 834 1092 non
870 1031 999 1094 favere
1025 1035 1159 1114 negotio

144 1131 356 1207 Euangeliou,
386 1131 442 1191 sed
467 1130 587 1192 inhiare
615 1131 646 1191 in
666 1131 821 1209 praedam,
851 1141 886 1193 ut
913 1133 973 1193 sub
993 1134 1160 1214 Evangelii

143 1240 298 1312 pretextu
329 1230 526 1292 latrocinium
552 1243 737 1307 exerceant,
770 1232 828 1292 hos
860 1252 919 1292 nee
948 1232 1028 1312 ipse.
1047 1233 1162 1314 probat

144 1331 330 1405 Lutherus;
362 1331 477 1392 liabent
497 1332 579 1393 enirn
606 1333 701 1409 longe
721 1331 846 1393 diversa
875 1332 1039 1413 dogmata,
1071 1332 1161 1396 nimi·

110 1449 113 1455 '
144 1452 215 1494 rum
235 1433 320 1492 hee:
355 1433 419 1511 Qui
445 1443 618 1509 praetexere
646 1443 750 1511 potest
780 1431 898 1512 aliquid
923 1432 1161 1511 nobilitatis,ei

143 1529 195 1612 jus
215 1542 261 1593 est
280 1531 398 1594 atloriri
416 1531 571 1595 viatorem
589 1532 621 1594 in
641 1531 765 1613 publica
784 1530 857 1607 via,
886 1543 917 1592 et
935 1533 1087 1614 spoliare,
1107 1545 1161 1597 aut

143 1631 302 1711 captivum
322 1632 494 1706 abducer;e;
515 1633 566 1709 jus
585 1646 647 1709 est,
668 1631 741 1707 ubi,
763 1632 931 1713 quoderat
948 1655 1159 1712 nummorum,

137 1732 240 1806 vino,
260 1734 373 1795 scortis
393 1744 426 1794 et
444 1736 510 1795 alca
529 1735 695 1796 decoctum
715 1744 779 1806 cst,
800 1733 916 1795 bellum
936 1732 1076 1797 indicere
1096 1734 1162 1797 cui·

141 1852 271 1913 ermque
291 1833 393 1895 visum
412 1846 459 1896 est
476 1836 699 1902 commodum„
725 1835 803 1895 Haee
820 1834 966 1915 dogmata
985 1856 1051 1897 non
1070 1835 1163 1899 habet

142 1930 316 1992 Lutherus.
366 1933 515 1997 Fortasse
535 1945 608 1997 sunt
633 1932 794 2009 nonnulli,
824 1932 881 2015 qui
898 1934 994 1996 rebus
1014 1935 1161 1997 omnibus

142 2030 318 2110 profligatis
348 2052 383 2092 ac
407 2033 554 2113 perditis,
584 2035 785 2096 Lutheranos
810 2055 845 2096 se
864 2036 1005 2115 fingunt,
1042 2045 1077 2095 ut
1099 2036 1161 2111 hoc

142 2129 233 2190 titulo
253 2130 313 2191 sibi
333 2132 453 2210 pariant
472 2145 609 2197 autores.
638 2136 689 2196 An
709 2135 767 2196 lios
790 2154 898 2197 omnes
918 2135 1077 2196 Hutteuus
1092 2157 1161 2199 sus-

142 2229 226 2308 cepit
255 2231 496 2295 defendendos?
533 2234 666 2313 Quoties
689 2235 777 2297 cuim
805 2235 846 2296 ile
873 2234 1063 2297 Lutherauis
1091 2235 1162 2317 qui·

139 2327 273 2393 busdam
290 2333 424 2414 loquor,
450 2334 500 2395 ille
520 2345 748 2397 commovetur.
787 2334 974 2417 Siquerar,
1000 2356 1021 2397 a
1040 2336 1161 2399 Luthe-

141 2451 220 2493 rarro
243 2433 394 2514 quopiam
413 2433 486 2495 mihi
505 2435 697 2514 marsupium
723 2436 897 2497 detractum
915 2434 950 2496 in
969 2434 1107 2511 itinere,
1120 2457 1161 2498 en

140 2531 300 2594 Hutteuus
321 2532 540 2610 arbitrabitur,
561 2537 621 2597 hoc
641 2536 680 2596 ad
699 2558 734 2597 se
754 2535 935 2616 pertinere?
966 2536 1045 2597 Nam
1059 2535 1155 2616 quod

142 2634 239 2695 semel
266 2633 426 2715 queritur,
458 2655 493 2698 se
522 2634 654 2716 proprio
675 2657 781 2697 morsu
802 2635 1057 2715 perimmanis,
1079 2655 1161 2716 quo-

141 2730 224 2793 nium
246 2754 305 2793 uec
325 2736 428 2795 locum
448 2735 581 2811 indicat,
601 2756 664 2809 nec,
680 2757 765 2811 rem,
786 2757 827 2796 ne
848 2733 921 2795 mihi
935 2733 1065 2815 quidem
1080 2734 1160 2796 libet

140 2830 295 2894 divinare.
335 2833 431 2896 Certe
456 2855 528 2897 cunr
557 2836 607 2896 illa
632 2836 819 2911 scriberems
848 2854 914 2894 nou
939 2844 1006 2896 erat
1026 2833 1158 2910 animus,
1210 2844 1218 2858 “

139 2931 315 2994 Hutteuum
335 2936 467 3010 laerlere,
498 2935 550 2998 cui
570 2935 715 2997 favebam
743 2935 901 2997 literarum
921 2933 1073 2995 duntaxat
1100 2955 1159 2996 no·

139 3030 235 3093 mine.
273 3033 361 3094 Etsi
381 3034 461 3115 quid
480 3037 539 3096 tale
558 3035 686 3113 luisset,
721 3035 816 3118 quorl
827 3054 919 3096 secus
937 3033 1052 3111 habet,
1080 3035 1159 3117 quid

141 3131 204 3192 hoc
231 3131 271 3192 ad
302 3132 381 3192 hanc
418 3133 656 3197 insectationem
688 3147 751 3197 tam
788 3133 1011 3197 criminosam?
1043 3134 1077 3194 Si
1106 3155 1157 3197 me

139 3230 245 3293 decies
274 3232 422 3312 petisset,
451 3233 581 3314 oblique
605 3236 856 3298 dissimulassem.
895 3232 1029 3314 Quoties
1053 3244 1158 3297 auteur

140 3345 272 3396 revocat
292 3355 342 3395 me
362 3334 402 3394 arl
420 3356 491 3396 suas
511 3346 631 3414 partes,
666 3357 731 3417 quo
752 3334 840 3415 jubet
868 3355 918 3396 me
936 3332 1069 3395 vestire?
1103 3334 1158 3395 Ad

138 3433 355 3505 virosbonos
381 3445 413 3495 et
436 3435 670 3515 Evangelicos?
701 3440 773 3516 Ego
801 3436 934 3496 libenter
965 3434 1155 3508 advolarem,

138 3536 166 3600 si
201 3538 273 3619 quis
307 3545 542 3598 commonstret.
588 3535 621 3597 Si
649 3557 729 3615 quos
759 3536 867 3608 novit,
900 3533 955 3616 qui
988 3554 1046 3613 pro
1067 3533 1155 3609 vino,

138 3638 249 3713 scortis
270 3649 300 3698 et
319 3639 402 3712 alea,
423 3648 521 3699 semet
535 3620 690 3697 oblectant
701 3657 789 3697 sacra
803 3635 957 3708 lectione,
977 3633 1156 3714 sanctisque

138 3738 468 3813 confabulatiunculis,
490 3736 545 3819 qui
558 3737 716 3799 nemiuem
730 3735 876 3797 fraudant
890 3734 1023 3815 pecunia
1038 3732 1154 3804 debite,

139 3837 196 3897 sed
231 3838 314 3896 ultro
353 3837 528 3917 largiuntur
565 3858 631 3898 non
667 3835 804 3896 debitam
828 3834 955 3917 egenti:
988 3833 1043 3917 qni
1071 3833 1153 3894 adeo

138 3957 205 3998 uon
232 3935 421 3998 maledicunt
448 3937 697 4009 immerentibus,
731 3946 766 3997 ut
794 3935 974 3996 convicium
999 3935 1156 4015 ingestum

136 4035 232 4096 etiam
263 4036 385 4119 placido
416 4057 571 4115 responso
600 4036 752 4098 molliant:
784 4033 840 4116 qui
867 4034 985 4097 rrenrini
1014 4034 1078 4096 vim
1102 4043 1155 4096 aut
1192 4077 1203 4101 .

137 4135 300 4209 inierunt,
333 4146 385 4194 eut
410 4134 582 4211 minantur,
617 4136 674 4199 scd
701 4133 847 4214 injuriam
879 4135 971 4197 etiam
998 4133 1154 4196 beneficio

139 4246 288 4317 pensant:
316 4235 370 4315 qui
391 4236 471 4297 adeo
502 4239 586 4299 nulla
609 4247 737 4298 movent
762 4235 904 4311 dissidia,
933 4247 968 4296 ut
986 4255 1154 4308 memores,

132 4335 301 4410 ;Christum
316 4334 425 4400 beatos
438 4339 610 4419 appellasse
626 4338 791 4418 pacificos,
810 4337 993 4419 ubicunque
1011 4344 1153 4415 possunt,
