2618 5108
512 797 779 899 Expostulatio.
961 889 965 894 ,
1096 790 1170 877 385

135 992 426 1076 multorum'gratia
445 993 545 1058 exuit.
603 995 687 1057 Hinc
707 1006 844 1077 surgunt
863 993 1063 1060 acerbissima
1082 993 1116 1057 in
1135 1001 1170 1058 te

136 1097 221 1159 odia.
261 1097 366 1177 Quem
391 1116 473 1179 ego,
503 1097 530 1157 si
560 1095 593 1159 in
613 1106 758 1176 tempore
782 1098 932 1161 monitor
952 1096 1168 1179 contigissem,

135 1217 250 1278 magna
269 1217 363 1274 cura,
392 1217 582 1280 summoque
609 1197 716 1260 studio
744 1197 904 1261 adhortari
924 1199 1112 1272 voluissem,
1132 1206 1170 1258 ut

136 1317 178 1359 ne
199 1308 261 1358 tarn
280 1299 365 1360 nulla
384 1297 424 1359 de
445 1316 557 1368 causa,
578 1307 698 1359 tantum
713 1299 994 1380 pulcherrimarum
1013 1299 1167 1360 virtutum

139 1397 335 1461 deformares
350 1409 383 1458 et
397 1397 545 1460 foedares.
579 1396 687 1480 thue
705 1397 752 1474 id,
775 1400 863 1481 quod
876 1410 940 1476 est,
962 1398 1104 1475 videres,
1125 1415 1170 1460 ne

142 1495 297 1577 majorem
317 1497 389 1561 alibi
409 1497 540 1581 gratiam
562 1518 803 1580 corrumperes,
826 1522 919 1582 quarn
936 1499 1005 1561 istic
1017 1499 1170 1562 initurum
1228 1516 1234 1527 '

139 1609 260 1660 certum
289 1597 432 1660 haberes.
485 1599 549 1660 Sed
569 1597 631 1674 jam
663 1599 765 1664 omnis
797 1618 867 1663 sera
897 1601 1072 1663 admonitio
1111 1610 1169 1675 cst,

97 1710 101 1719 '
138 1720 208 1761 mea
228 1720 427 1780 supervacua
445 1698 673 1762 misericordia.
725 1701 887 1783 Abreptus
915 1725 965 1779 es,
998 1714 1029 1766 et
1050 1704 1118 1783 ipse
1138 1699 1171 1766 to

139 1799 316 1875 abduxisti,
346 1821 463 1882 magno
482 1819 555 1861 meo
576 1810 609 1861 et
627 1799 681 1882 pio
703 1823 775 1865 curn
797 1805 926 1880 dolore,
948 1804 1072 1867 illorum
1093 1825 1170 1866 con·

138 1912 185 1963 tra
204 1899 374 1983 jactatione
394 1912 426 1964 et
446 1902 610 1983 applausu.
648 1904 752 1983 Quam
770 1914 856 1999 tuam
877 1904 981 1966 vicem
1001 1927 1044 1968 ex
1064 1905 1171 1967 animo

139 2003 246 2067 doleo.
285 2004 393 2067 Video
413 2002 496 2065 enim
516 2004 578 2064 lroo
596 2003 777 2084 transfugio
795 2004 1006 2067 infortunium
1026 2016 1170 2086 paratum

115 2104 207 2167 ribi.
254 2106 362 2166 Video
391 2101 552 2185 proditum
579 2105 619 2166 ab
646 2103 717 2185 ipso
737 2115 786 2180 te,
813 2126 849 2166 ac
876 2126 979 2187 prope
1000 2105 1171 2186 perditum.

140 2206 221 2268 Nam
241 2206 325 2267 haud
345 2199 493 2287 perinde,
513 2205 540 2268 si
558 2202 747 2285 resipiscere
766 2207 856 2281 velis,
878 2205 995 2269 abitum
1010 2207 1170 2287 explicaro

140 2306 234 2368 istinc
253 2305 311 2368 tibi
330 2305 454 2382 licebit,
482 2327 518 2367 ac
537 2303 578 2367 ad
597 2327 655 2367 nos
676 2316 763 2368 tutus
781 2329 906 2388 semper
932 2319 1079 2388 receptus
1100 2307 1171 2370 erit.

143 2405 368 2469 Observabunt
400 2418 432 2468 te
463 2406 541 2469 locis
572 2405 738 2482 omnibus,
785 2409 937 2491 omnique
966 2419 1110 2490 tempore
1139 2418 1174 2472 et

140 2528 216 2570 cura
227 2507 258 2568 in
271 2507 374 2571 officio
387 2507 557 2582 tenebunt,
575 2508 748 2583 nolentem,
763 2510 933 2570 volentem.
972 2512 1173 2592 Quamquam

140 2610 168 2672 si
187 2609 331 2690 recipere
352 2622 385 2671 tc
406 2611 520 2682 velles,
552 2618 636 2670 esset
656 2607 741 2670 forte
761 2608 883 2671 consilii
903 2607 972 2684 ria,
994 2630 1057 2692 qua
1077 2608 1171 2673 nobis

140 2709 332 2773 reddereris.
362 2710 426 2772 Sed
443 2709 629 2793 nequeatis,
654 2709 682 2772 si
699 2708 808 2783 liceat,
829 2729 935 2792 neque
951 2709 978 2770 si
997 2709 1091 2784 velis,
1111 2730 1171 2790 per

141 2813 298 2893 pudorem
320 2811 375 2873 tibi
395 2811 479 2875 licet.
525 2812 573 2874 Ita
592 2809 656 2888 jam
678 2808 821 2873 obnoxie
840 2810 872 2872 in
893 2810 1018 2872 illorum
1038 2829 1171 2873 conces·

81 2917 84 2926 ’
142 2911 209 2974 sisti
229 2924 427 2993 potestatem.
476 2910 523 2974 lta
550 2923 635 2975 arcte
665 2909 910 2975 devinciendum
937 2919 968 2968 te
996 2909 1169 2990 praebuisti,

144 3014 219 3076 dato
240 3014 335 3077 etiam
354 3014 508 3096 pignore,
537 3013 587 3075 illa
606 3024 656 3075 ter
676 3010 796 3074 infelici
816 3009 968 3091 epistola,
988 3015 1052 3095 qua
1070 3010 1170 3075 veluti

145 3113 312 3176 classicum
333 3113 503 3190 cecineris,
523 3112 619 3175 sicin
639 3133 780 3197 pugnam
798 3110 949 3194 utrinque
970 3111 1090 3175 animos
1113 3132 1171 3176 ex·

142 3213 303 3296 pediristi.
354 3213 477 3276 Verum
505 3216 567 3278 boc
592 3216 691 3279 modo
723 3215 805 3278 facta
832 3212 890 3274 tibi
909 3213 995 3292 apud
1014 3212 1084 3276 illos
1106 3215 1170 3277 fide

142 3320 192 3390 (ut
211 3324 245 3374 tu
268 3311 398 3395 quidem
415 3303 531 3379 factam
547 3318 651 3395 putas)
680 3313 774 3380 etiam
793 3316 834 3378 ad
853 3336 912 3376 nos
933 3315 1047 3377 dexter
1065 3312 1171 3376 videri

143 3414 208 3488 vis,
230 3425 418 3498 sumptaque
435 3418 586 3498 piaculari
604 3417 655 3479 illa
673 3416 757 3498 pelvi
775 3437 811 3478 ac
829 3416 946 3479 lustrali
963 3435 1043 3498 aqua
1055 3413 1169 3477 ablutio

143 3514 286 3577 manibus
316 3537 389 3579 cum
417 3516 530 3601 iniquo
560 3517 667 3601 judice
688 3519 876 3601 proclamas:
897 3535 959 3598 ego
981 3514 1111 3597 quidem
1129 3513 1169 3574 ab

141 3619 350 3698 oppressione
369 3621 630 3684 Lutheranorum
657 3620 811 3683 innocens
836 3638 921 3690 sum3
950 3613 1108 3698 jubesque
1126 3611 1169 3676 ad

141 3729 172 3781 te
184 3721 399 3798 confluamus,
419 3721 603 3797 consilium,
623 3720 713 3806 quod
723 3740 806 3782 unus
818 3728 870 3792 tu,
890 3737 955 3777 non
968 3717 1037 3779 sine
1048 3733 1166 3799 magno

141 3842 248 3883 rerum
266 3822 472 3885 humanarum
494 3824 680 3899 commodo,
703 3822 779 3884 darc
798 3821 895 3893 scies,
924 3817 1095 3895 accepturi.
1126 3816 1169 3878 Et

141 3921 306 3984 asummis
326 3922 544 4006 Principibus,
580 3926 696 4009 quibus
726 3920 801 3984 nibil
830 3920 878 3984 fas
899 3931 947 3982 est
977 3929 1011 3980 tc
1035 3937 1166 4000 negare,

141 4021 339 4102 deprecaris,
373 4043 415 4083 nc
444 4045 516 4087 cum
547 4023 737 4088 Lutheranis
770 4019 971 4084 conflictandi
999 4019 1166 4101 negotium

142 4123 197 4184 tibi
218 4125 377 4207 delegent.
422 4124 482 4186 Vis
501 4125 584 4188 enim
604 4126 779 4209 aequitatem
805 4134 891 4185 tuam
911 4120 1074 4202 probatam
1093 4137 1166 4180 esso

143 4225 305 4300 omnibus,
338 4237 370 4288 et
399 4247 458 4308 per
488 4247 614 4289 omnem
640 4227 737 4289 vitam
755 4246 815 4308 pro
836 4223 957 4287 viribus
977 4220 1104 4294 cavisti,
1122 4243 1165 4286 no

142 4327 281 4408 quidex
307 4338 338 4389 te
358 4328 507 4391 molestius
527 4327 646 4390 rediret
673 4327 712 4388 ad
740 4325 870 4388 amicos.
910 4324 940 4388 0
960 4320 1165 4405 jactationem

140 4425 180 4490 ab
199 4439 256 4490 tuo
277 4428 495 4492 alienissimam
513 4429 638 4492 animo!
665 4427 745 4510 Quia
773 4437 917 4510 repertus
943 4444 1084 4509 onqmm
1104 4434 1164 4501 est,

176 4529 399 4588 emmam
778 4516 825 4583 a
