2618 5108
197 829 270 910 438
335 843 337 847 ’
544 829 704 930 Spongia
726 829 869 905 Erasmi

129 1086 133 1107 ,
197 1045 256 1110 per
275 1022 473 1087 occasionem
491 1023 617 1098 insero,
640 1022 832 1102 sylvestrum
852 1019 1024 1084 Prieratem
1044 1016 1220 1081 humaniter

199 1136 232 1191 et
251 1136 390 1189 amanter
411 1124 448 1186 ad
469 1144 520 1185 me
538 1122 716 1202 scripsisse,
748 1142 820 1183 cum
839 1131 942 1182 tamen
960 1121 1047 1189 illutn
1066 1139 1106 1180 ne
1125 1116 1218 1178 titulo

200 1225 331 1311 quidem
357 1223 536 1286 honorifico
567 1222 690 1305 digner.
729 1224 866 1284 Tantum
891 1218 961 1301 ajo:
991 1222 1148 1299 Sylvester
1168 1217 1219 1279 ille

199 1325 348 1390 Prierias.
379 1324 464 1386 Illius
491 1323 531 1384 ad
554 1345 604 1385 me
623 1324 726 1385 literas
748 1323 819 1385 dico
840 1320 1059 1383 humanissime
1077 1316 1219 1396 scriptas.

200 1424 348 1489 Omiram
359 1421 582 1486 adulationem!
602 1424 680 1495 „Sed
693 1422 878 1497 islascribis,
893 1421 1004 1503 inquit,
1021 1420 1055 1481 iu
1069 1417 1218 1480 invidiam

198 1524 370 1586 Lutberil“
389 1523 453 1585 imo
474 1520 507 1583 in
525 1525 586 1585 hoc
611 1523 739 1603 scripsi,
760 1535 795 1584 ut
813 1524 1032 1594 ostenderem,
1054 1540 1123 1581 esse
1144 1539 1218 1578 cau·

197 1645 280 1700 sam,
317 1645 375 1686 cur
405 1624 445 1685 de
473 1623 576 1685 Roma
597 1625 742 1685 adeunda
763 1624 945 1704 cogitarem.
985 1621 1082 1702 Quod
1102 1620 1128 1681 si
1151 1630 1217 1679 tau·

196 1735 310 1806 topere
328 1744 478 1806 cuperem
508 1743 638 1785 movere
668 1722 816 1785 invidiam
837 1726 996 1797 Lutlrero,
1028 1724 1136 1783 liceret
1155 1723 1217 1782 lroc

197 1827 264 1888 aliis
282 1823 459 1886 rationibus
478 1824 612 1886 efficere.
664 1822 760 1887 Certe
781 1825 955 1886 Prieratcut
985 1843 1110 1900 semper
1139 1842 1217 1881 cou-

144 1961 148 1967 ·
195 1924 321 2006 tempsit
341 1926 512 1988 Lutherus.
550 1925 619 1988 lam
639 1926 672 1986 in
698 1927 841 2005 catalogo
868 1924 1028 1984 Marinum
1050 1920 1218 1985 Caraccio·

199 2028 265 2089 lum
284 2047 367 2088 voco
388 2026 612 2099 Reverendum
632 2027 774 2099 Patrem,
800 2023 942 2085 nuntium
963 2024 1045 2105 apud
1060 2022 1217 2083 Caesarem

196 2127 432 2210 Apostolicum‚
452 2126 527 2188 nihil
547 2127 631 2189 aliud
651 2128 691 2188 de
710 2125 763 2187 illo
783 2124 970 2204 praedium,
1001 2123 1061 2184 nisi
1081 2123 1170 2204 qnod
1190 2122 1214 2184 is

196 2238 310 2310 practer
324 2238 453 2289 caeteros
467 2229 606 2289 hortatus
619 2236 701 2288 esset
714 2247 779 2300 mc,
803 2236 837 2285 ut
857 2224 1028 2286 scriberem
1047 2224 1214 2283 adversum

194 2326 383 2388 Lutherum.
432 2326 474 2388 At
494 2328 652 2389 Huttenus
682 2338 773 2388 vocat
801 2328 883 2388 hunc
912 2326 1025 2385 malum
1045 2322 1215 2384 homiuem.

195 2423 280 2503 Quid
301 2426 362 2484 hoc
381 2444 467 2499 mea,
488 2424 514 2484 si
533 2428 630 2487 malus
647 2427 717 2487 est?
739 2430 809 2505 Ego
824 2447 887 2486 non
902 2424 1067 2504 pradicavi
1082 2425 1212 2484 bonum.

194 2524 236 2584 Et
255 2534 357 2584 tamen
377 2523 450 2584 mihi
470 2524 572 2585 bonus
599 2535 630 2586 et
650 2529 833 2588 commodus
854 2526 969 2587 amicus
991 2535 1074 2596 erat,
1109 2525 1213 2585 donec

193 2623 258 2687 huc
278 2623 428 2705 tragoedia
454 2623 570 2685 vitiarit
591 2646 699 2688 omues
720 2626 879 2688 amicitias.
926 2627 996 2688 Jam
1020 2624 1100 2683 nrale
1120 2624 1213 2684 habet

193 2736 224 2788 et
264 2726 356 2801 illud,
398 2726 486 2808 quod
516 2738 649 2793 Eccium
683 2727 795 2788 alicubi
836 2725 984 2800 nomino,
1028 2724 1106 2786 citra
1136 2745 1213 2785 con·

193 2825 351 2887 tumeliam
373 2825 505 2905 opinor,
534 2838 566 2889 et
593 2828 710 2908 affingit
736 2848 839 2888 meum
866 2827 905 2887 de
926 2826 979 2887 illo
999 2825 1213 2887 testimonium

192 2939 301 3001 vetus,
341 2928 433 3009 quale
467 2929 668 2989 commodum
702 2938 749 2988 cst
779 2927 856 3006 ipsi,
889 2949 955 2988 non
994 2928 1086 3008 quale
1116 2947 1133 2985 a
1159 2944 1211 2985 me

190 3025 353 3105 proditum
380 3037 437 3087 est.
494 3026 556 3088 Sed
587 3027 831 3095 intolerabilius,
877 3027 964 3108 quod
1002 3026 1035 3086 iu
1069 3024 1209 3102 epistolis

191 3125 335 3184 laudatur
361 3119 500 3187 Joanues
533 3126 637 3189 Faber
666 3118 785 3190 ordinis
812 3124 1037 3187 Praedicatorii.
1081 3125 1111 3184 Is
1132 3143 1209 3205 qua·

193 3220 230 3284 lis
262 3243 347 3284 nunc
383 3223 423 3285 sit
451 3225 570 3288 nescio.
628 3226 724 3290 Certe
759 3227 833 3289 mihi
869 3227 1006 3286 Lovanii
1043 3225 1209 3304 persuasit,

192 3322 280 3405 quod
308 3322 485 3385 institueret
513 3326 664 3407 Augustae
698 3328 865 3410 collegium
894 3325 1052 3388 tradendis
1083 3326 1210 3406 linguis,

190 3424 337 3486 achonis
356 3422 463 3488 literis.
503 3427 647 3488 Ostendit
666 3428 802 3508 diploma
819 3427 950 3491 Caesaris
965 3438 1208 3493 Maximillam.

189 3524 240 3588 De
267 3524 446 3603 capitalibus
473 3525 663 3608 quibusdam
695 3528 827 3591 inimicis
855 3529 1008 3605 Luthcri,
1041 3541 1136 3611 atque
1167 3530 1208 3591 de

119 3666 122 3673 ι
190 3622 257 3705 ipsa
296 3627 438 3687 Romana
476 3625 591 3702 Curia,
623 3630 789 3710 plusquam
817 3630 974 3692 hostilitcr
1006 3629 1208 3709 loquebatur.

188 3725 361 3789 Arridebat
396 3747 519 3788 morum
551 3728 773 3804 commoditas,
810 3740 842 3790 et
873 3730 906 3791 in
943 3750 999 3790 sua
1030 3729 1209 3810 Tltcologia

189 3824 358 3888 videbatur
385 3848 450 3888 nou
478 3827 648 3908 vulgariter
674 3830 826 3890 cruditus.
869 3831 928 3893 His
956 3828 1052 3892 rebus
1072 3831 1206 3892 extorsit

189 3944 276 3987 ame
295 3927 582 3989 commendationes
603 3927 731 4010 aliquot.
784 3928 869 4011 Quin
895 3941 927 3991 et
949 3928 1106 4005 Coloniae,
1133 3951 1205 3992 cum

189 4022 251 4085 illic
272 4036 356 4086 esset
376 4022 496 4101 Caesar,
524 4027 646 4089 colebat
671 4050 750 4104 nos,
780 4041 811 4091 et
841 4031 882 4091 de
903 4031 1045 4092 Luthcro
1076 4030 1206 4112 reliquit

189 4122 398 4204 equissimum
417 4125 586 4206 judicium,
607 4149 663 4191 sua
682 4151 776 4190 manu
795 4132 1004 4212 descriptum,
1037 4143 1102 4192 tum
1120 4131 1204 4210 apud

191 4220 389 4286 Cardinalem
428 4227 670 4307 Mogontinum,
712 4240 778 4290 tum
810 4233 894 4309 apud
925 4252 986 4292 me.
1042 4231 1127 4310 Quid
1154 4232 1205 4292 hic

189 4323 272 4386 aliud
292 4324 448 4387 criminari
468 4328 741 4406 potestHuttcnus
760 4330 793 4391 in
812 4351 879 4405 me,
900 4331 960 4392 nisi
978 4331 1204 4412 simplicitatem

187 4434 219 4484 et
238 4425 407 4488 candorem
425 4425 541 4490 alumi?
570 4428 603 4490 Si
630 4431 695 4514 talis
714 4442 761 4493 est
779 4451 880 4509 nunc,
911 4433 1035 4516 qualern
1055 4432 1105 4495 ille
1125 4454 1204 4513 prae·
