2618 5108
196 821 270 900 sat
369 841 377 855 ’
432 744 985 943 bramnreannesponos

153 1090 155 1095 .
199 1014 401 1098 obligammd
422 1026 591 1098 peceatruu
603 1014 669 1078 suis
689 1015 989 1092 constitutionibus,
1013 1023 1049 1077 'et
1067 1027 1218 1094 tyrannos

200 1126 233 1178 et
254 1117 456 1197 inponens,
481 1115 842 1196 sicontrescripturem
861 1116 1048 1180 docuerintz
1068 1117 1219 1180 articulus

200 1215 277 1284 fidet
297 1228 354 1279 est.
368 1254 405 1273 -
417 1217 665 1281 confessionem
681 1237 747 1278 non
767 1238 837 1284 esse
853 1228 1088 1291 sacramentum,
1109 1235 1217 1298 neque

198 1317 407 1381 oeoessminn
421 1319 469 1381 od
486 1320 749 1400 cainum-quem
763 1338 821 1379 nos
835 1318 1020 1399 Pupisticam
1039 1328 1071 1378 et
1089 1318 1216 1379 enricu-

196 1417 295 1480 tarem
312 1439 478 1495 vocemus,
508 1417 573 1481 imo
593 1418 789 1499 pestiferam:
820 1417 968 1479 articulus
997 1417 1072 1480 fidei
1099 1428 1157 1479 est.
1176 1453 1217 1471 -ι

197 1516 386 1580 luteumma:
406 1540 467 1599 pro
479 1517 713 1595 articulisfidei
728 1517 895 1593 babemus,
917 1537 1114 1600 quaeeunque
1128 1537 1217 1579 sacra

199 1616 360 1698 scripture
374 1619 488 1693 docet;
505 1641 572 1696 pro
593 1620 785 1681 anathemate
802 1629 833 1680 et
854 1617 1038 1693 arbitrario,
1061 1619 1216 1700 quicquid

195 1715 250 1780 itta
267 1738 334 1779 nou
353 1720 469 1792 docet3
498 1730 531 1780 et
559 1717 734 1800 siarrgelus
753 1717 850 1781 suerit
870 1739 888 1780 a
905 1721 1004 1795 cerlo,
1033 1719 1089 1801 qui
1108 1718 1216 1781 discr·

86 1825 90 1831 '
195 1819 445 1882 cumdiuerit.¹

272 1922 467 1984 Erasmus.
505 1921 647 2002 Fingat,
669 1919 824 1984 Censorem
842 1921 885 1984 ito
907 1919 1014 2004 loqui:
1051 1922 1215 1994 „Erasme,

197 2043 384 2106 persuasum
397 2022 572 2097 estnobis,
592 2033 652 2083 etc.
688 2023 740 2085 Ad
742 2021 817 2098 juva
831 2021 928 2103 igitur
941 2033 1066 2083 nostros
1081 2032 1215 2083 conatus

197 2123 240 2184 in.
252 2124 458 2202 opprimeuda
476 2122 725 2203 pestilentissimo
742 2123 850 2184 haeresi
869 2121 1086 2185 Lutherana.“
1126 2124 1215 2203 Quid

196 2223 248 2287 iic
266 2223 521 2304 respondissem?

203 2370 209 2381 .
270 2325 374 2385 Otto.
414 2325 501 2405 Quid
519 2324 759 2403 respondisses?
791 2323 876 2396 Nisi,
903 2322 930 2383 si
948 2322 1137 2382 couscientia
1157 2333 1214 2385 tuo

197 2425 258 2486 boc
289 2423 440 2496 dictabat,
474 2444 594 2486 errusse
623 2426 817 2498 Lutlrerum,
837 2423 997 2501 scripturis
1017 2425 1077 2483 hoc
1096 2434 1132 2482 ut
1155 2424 1214 2483 do·

196 2521 334 2597 euisscs,
366 2524 598 2607 exemissesque
628 2524 744 2589 Caesari
777 2535 810 2586 et
834 2523 925 2584 nobis
945 2525 1027 2583 bunc
1052 2543 1214 2603 serupum.

195 2623 270 2686 Hoc
285 2622 396 2686 suisset
410 2624 647 2707 animiintcgri,
670 2625 807 2693 candidi,
829 2623 973 2702 simplicis
987 2635 1017 2682 rt
1030 2623 1212 2699 Christiani,

196 2724 289 2786 etiam
308 2725 333 2784 si
354 2724 428 2786 nihil
448 2737 590 2805 rogasset
610 2724 723 2787 Cesar.
763 2726 794 2786 Si
815 2745 877 2784 non
898 2724 1019 2784 errabat
1040 2725 1213 2799 Lntberus,

195 2836 379 2887 constanter
398 2826 548 2902 dixisses,
577 2829 666 2907 quod
685 2847 735 2888 res
755 2836 820 2885 est:
856 2824 1003 2904 „Optime
1024 2822 1211 2903 Imperator,

196 2924 271 2987 nihil
297 2929 369 3008 lego
389 2929 555 2989 adversum
574 2927 734 3005 seripturis
751 2924 864 2987 (timuis
877 2925 908 2985 in
923 2925 1083 2997 Luthcr0,
1104 2946 1212 3006 neque

196 3045 325 3105 possum
345 3026 396 3088 bic
416 3027 646 3110 obsequi-tibi,
669 3039 699 3088 et
719 3027 880 3088 veritatem
900 3026 1095 3106 impugnare.
1107 3032 1120 3055 “
1161 3027 1214 3087 Sic

194 3127 429 3202 responderunt
448 3129 614 3209 Apostoli,
640 3149 711 3188 curn
730 3128 954 3206 impeterentur
973 3147 989 3186 a
1010 3125 1211 3205 Principibus

194 3232 226 3287 et
246 3224 467 3288 Pontificibus.
506 3228 599 3299 „Non
624 3249 808 3307 possumus,
830 3227 985 3310 inquiunt,
1008 3247 1072 3286 nou
1093 3227 1211 3301 dicere,

147 3367 150 3375 ,
195 3344 264 3407 qnae
293 3325 429 3387 vidimus
463 3337 494 3388 et
523 3327 744 3403 audirimus&
777 3330 850 3393 Non
879 3328 1035 3391 herebant
1061 3330 1211 3408 partima

195 3424 342 3501 Christo,
378 3429 491 3505 partim
509 3451 528 3490 a
546 3427 752 3490 Pontificibus
783 3441 814 3490 et
833 3419 859 3491 ¹a
877 3430 985 3490 Belial.
1031 3430 1104 3491 Non
1125 3433 1211 3492 coie-

193 3527 268 3589 bent
287 3524 475 3604 Dominum,
499 3531 536 3591 'et
564 3529 654 3590 simul
675 3541 777 3591 taruen
801 3529 995 3592 fabricabant
1014 3528 1107 3590 idola.
1146 3532 1211 3593 Sed

193 3629 425 3696 confitebantur
436 3629 606 3691 Dominum
620 3630 728 3693 Jesum
742 3628 918 3707 Christum,
939 3626 1054 3713 gratias
1068 3644 1209 3713 agentes,

195 3730 285 3811 quod
304 3729 392 3810 digni
411 3741 500 3790 erant
517 3729 632 3805 babiti,
661 3753 721 3809 pro
741 3731 868 3793 nomine
888 3732 958 3809 ejus
986 3731 1105 3814 aliquid
1134 3736 1211 3812 pati,

195 3839 228 3913 et
247 3827 390 3910 quotidie
410 3829 440 3889 in
461 3833 576 3911 templo
598 3842 629 3891 et
648 3832 680 3892 in
699 3833 829 3913 singulis
851 3832 997 3895 domibus
1018 3853 1084 3894 non
1105 3854 1210 3898 cessa-

192 3929 269 3991 bant
288 3930 405 3990 docere
426 3939 459 3989 et
477 3931 662 3995 annuntiare
681 3934 791 3997 Jesum
811 3931 980 3997 Christum.

145 4026 147 4029 ’
239 4031 461 4090 -Erasmun
501 4033 586 4110 Quo⁴
615 4055 665 4095 me
710 4035 964 4117 proripuissem?
1005 4037 1058 4098 Ad
1102 4059 1208 4102 arcem

152 4189 156 4196 ,
192 4122 347 4191 Hutteni?
366 4130 418 4192 Ad
436 4129 712 4216 Wittenbergam‘?

268 4232 372 4294 Orto.
412 4230 485 4309 Quo
517 4244 548 4295 te
580 4235 811 4315 proripuisscs?
849 4239 922 4317 Quo
949 4238 1143 4320 proripiebat
1171 4263 1206 4304 se

194 4331 329 4406 Paulus,
370 4349 441 4403 etun
472 4335 645 4414 vagabatur
678 4336 806 4397 incertis
837 4338 984 4414 sedibus,
1034 4340 1204 4415 esuriebat,

191 4432 332 4506 sitiebat,
373 4432 569 4514 cedebatur,
589 4437 781 4512 inherebat,
818 4438 969 4502 conviciis
1002 4442 1202 4517 afficiebatur,
