2618 5108
148 802 221 889 266,
439 800 481 874 In
509 799 716 875 Concilium
740 801 885 890 Worm.

145 990 304 1058 temeritas
326 1005 391 1071 est,
411 995 493 1059 tatio
513 994 598 1059 enim
614 991 879 1075 interpretamini,
896 992 997 1056 ‘virilis
1010 1002 1041 1054 et
1054 1013 1178 1055 summa

145 1111 221 1159 cum
236 1097 401 1159 honestate
417 1093 588 1178 conjuncta
605 1095 732 1157 libertas
749 1107 808 1159 est.
847 1097 954 1176 Quare
976 1110 1010 1159 ut
1030 1093 1177 1169 videatis,

146 1207 273 1280 quauta*
287 1208 407 1265 vestras
428 1198 527 1262 minas
548 1197 664 1261 fiducia
684 1213 898 1270 contemnam,
919 1196 1024 1258 ‹touee
1045 1194 1177 1279 quidem

144 1307 198 1359 aut
217 1307 419 1376 Lutherum,
445 1310 500 1361 aut
518 1298 700 1379 hujusmodi
721 1316 912 1385 quemquam
933 1294 1175 1379 persequimini,

142 1397 267 1461 hostem
295 1418 345 1461 me
370 1397 462 1462 vobis
484 1403 640 1481 profiteor
661 1396 918 1462 infensissimum.
966 1400 1074 1481 Atque
1095 1400 1177 1459 hanc
1247 1430 1249 1434 Α

147 1502 341 1563 voluutatem
362 1499 434 1563 mihi
455 1502 538 1562 nulla
566 1515 670 1561 vestra
697 1499 762 1574 vis,
799 1502 881 1561 uuita
899 1499 1036 1562 sorturue
1057 1497 1176 1579 injuria

143 1600 285 1676 arderet,
306 1623 347 1663 ne
367 1600 500 1663 mutabit
520 1600 658 1683 quidem.
704 1602 810 1663 Porro
831 1601 925 1662 vitam
944 1623 1018 1662 eum
1036 1600 1176 1662 abstule-

144 1701 232 1777 ritis,
254 1703 316 1764 hoc
334 1722 439 1764 meum
459 1713 580 1777 tamen,
604 1723 669 1784 quo
683 1703 784 1763 miuus
800 1718 979 1782 permaneat
994 1702 1025 1762 iu
1040 1701 1175 1782 patriam

146 1803 230 1864 bene
246 1801 409 1877 meritum,
428 1803 490 1864 hoc
503 1813 589 1866 recte
604 1804 720 1865 factum
740 1820 775 1862 ut
794 1803 960 1878 moriatur,
980 1824 1046 1864 uon
1061 1802 1177 1866 efficie-

136 1901 196 1967 ‘ua
235 1904 332 1985 Quod
353 1904 384 1965 iu
404 1924 498 1967 cursu
518 1915 583 1978 est,
603 1903 735 1967 forsitan
753 1903 888 1981 sinetis,
908 1905 997 1987 quod
1017 1905 1174 1981 futurum,

147 2004 367 2088 praevenietis,
393 2005 480 2088 quod
498 2003 612 2066 facturn
633 2026 726 2081 vero,
759 2005 911 2067 intectum
930 2027 996 2066 uon
1016 2006 1173 2082 reddetis;

144 2104 216 2169 fieri
236 2105 320 2169 enim
346 2127 411 2169 nou
432 2115 554 2186 potest,
584 2115 620 2165 ut
644 2126 717 2167 eum
736 2107 799 2167 vita
818 2105 909 2168 simut
929 2106 1080 2169 auferatis
1102 2107 1174 2169 vitae
1221 2173 1224 2178 ,

143 2210 337 2271 memoriam.
378 2207 472 2268 Non!
500 2205 582 2267 Mihi
610 2205 738 2288 quidem
766 2206 847 2269 sicut
874 2207 1006 2270 dubium
1033 2220 1101 2282 est,
1131 2210 1174 2272 ad

147 2304 244 2390 quem
255 2309 320 2369 haec
333 2308 462 2368 tendant
474 2305 612 2383 exitum,
632 2308 674 2369 ita
685 2318 805 2368 eertum
820 2309 1026 2386 proponitur,
1045 2309 1174 2390 optimae

144 2405 344 2471 couscientia
376 2404 558 2484 opinionem
600 2409 640 2470 ad
677 2418 823 2489 posteros
852 2421 1025 2470 venturam.
1074 2413 1174 2474 Hunc

144 2505 315 2571 maximum
346 2505 417 2566 vite
445 2506 583 2569 fructum
603 2528 731 2586 cepero.
785 2510 825 2567 Et
845 2520 879 2569 ut
899 2509 956 2571 alia
977 2532 1111 2592 quoque
1130 2514 1174 2576 de

144 2629 238 2672 causa
259 2606 505 2689 pertinacissime
525 2629 594 2671 esse
614 2607 689 2669 mihi
708 2610 924 2695 persequendi
949 2631 1007 2673 vos
1030 2612 1174 2675 obstina-

141 2708 232 2786 tiam,
254 2707 474 2791 cognoscatis,
494 2729 512 2769 a
531 2710 602 2771 Deo
623 2707 783 2790 praemium
804 2709 894 2784 mitri,
914 2710 938 2771 si
960 2711 1038 2791 quid
1059 2693 1196 2795 contra

141 2832 201 2874 vos
223 2810 400 2887 obtineant,
422 2831 535 2890 spero,
556 2830 621 2891 quo
639 2809 741 2871 minus
762 2809 954 2872 arbitremini
974 2835 1098 2891 poenam
1119 2836 1173 2879 mc

140 2910 264 2975 timere.
315 2911 446 2972 Gratum
469 2894 554 2971 enirn
574 2931 643 2972 esse
663 2908 706 2970 itti
727 2910 809 2983 scio,
833 2928 866 2971 ut
885 2913 995 2974 amotis
1016 2935 1033 2974 a
1061 2937 1173 2976 saero-

140 3034 214 3077 rum
233 3003 482 3075 contrectatione
502 3010 631 3084 tatibus,
664 3012 752 3071 toeus
772 3010 811 3071 sit
832 3010 890 3085 iis,
921 3013 976 3094 qui
997 3015 1095 3098 digne
1115 3019 1173 3081 ad·

140 3111 328 3175 ministrent.
366 3114 408 3172 Et
428 3111 458 3171 in
472 3122 616 3174 extremo
634 3110 685 3172 itto
699 3108 837 3188 judicio,
860 3123 960 3175 tutum
976 3117 1076 3199 magis
1095 3118 1172 3182 fore

139 3211 290 3287 confido,
312 3211 485 3273 offendisse
507 3232 584 3285 vos,
617 3232 710 3291 quarn
732 3212 942 3289 demeruisse,
974 3228 1006 3276 et
1026 3237 1100 3280 cum
1121 3231 1172 3283 tu-

138 3313 240 3376 multu
268 3309 417 3392 exegisse
437 3312 561 3386 melius,
591 3331 684 3392 quam
705 3332 762 3391 per
784 3312 922 3394 quietem
942 3316 1100 3396 patienter
1122 3331 1173 3383 tu·

139 3411 235 3490 lissa,
261 3411 434 3493 presertim
454 3410 536 3490 piam
556 3411 835 3473 commonitionem
856 3437 926 3476 eum
946 3417 1012 3480 sitis
1037 3419 1172 3500 adsper-

140 3513 218 3578 nati.
257 3515 310 3576 An
331 3510 483 3573 memoria
504 3510 622 3573 excidit
641 3511 750 3585 vohis,
771 3512 925 3593 impeditae
945 3517 1089 3601 alioquin
1110 3544 1171 3602 per

139 3615 249 3679 vinum
269 3624 302 3677 et
321 3607 481 3693 crapulam
500 3611 763 3694 cogitationist),
786 3618 874 3696 quod
888 3638 960 3679 cum
972 3611 1183 3703 aliquantum

140 3730 215 3777 aute
236 3713 380 3776 modesta
405 3712 643 3788 exhortatione,
673 3713 841 3793 adgressus
870 3740 987 3795 essem,
1019 3722 1172 3789 bellicum

142 3812 297 3881 oeoiuisse
316 3834 367 3875 me
381 3812 560 3899 clamabitis.
580 3890 582 3896 Ι
600 3813 645 3875 lta
664 3813 820 3878 insuetum
841 3817 902 3879 fuit
915 3820 976 3881 hoc
990 3824 1103 3897 vobis,
1125 3828 1171 3890 ita

138 3915 306 4001 indiguum
340 3912 427 3975 tactu
464 3911 580 3975 visum.
635 3916 743 3993 Quare
778 3917 872 3980 etiam
910 3921 1173 3992 Itlatheruaticuru

138 4016 228 4081 ’ntum
247 4034 351 4092 nuper
367 4011 550 4081 ,veritinon
571 4015 663 4088 estis,
683 4019 767 4097 apud
785 4019 1005 4099 gratissimum
1037 4029 1171 4093 coucili-

136 4138 212 4191 ttttt,
243 4113 334 4196 quasi
362 4115 439 4174 taesae
464 4111 632 4189 majestatis
662 4138 752 4178 reum
782 4139 891 4200 agere,
923 4125 1013 4205 quod
1044 4149 1105 4191 vos
1135 4130 1170 4192 in

136 4215 222 4285 rheti
241 4214 431 4295 aucupatio,
464 4216 554 4296 quod
573 4215 681 4278 nescio
703 4216 773 4300 quis
794 4222 1011 4300 captabuudus
1032 4232 1170 4293 attrahe·

139 4361 372 4387 ..te-⁸·-

174 4423 208 4496 *)
226 4430 296 4479 nacti
315 4431 482 4489 commenta
493 4445 505 4479 .·
525 4433 684 4481 antesertiche
702 4435 836 4480 corrector.
