2618 5108
158 806 232 881 Μ.
273 777 281 795 ’
460 800 856 907 Anninius'Dittioguu'

157 993 233 1060 mihi
260 1002 386 1059 monum
418 996 606 1085 'ebmpistet
654 998 777 1062 Tamen
800 1001 854 1063 vet
880 999 929 1065 tio'
963 998 1050 1069 r'ttrit't
1065 998 1070 1019 ²
1086 1009 1181 1073 uitro

156 1097 301 1179 eitroque
319 1106 435 1158 tentata
454 1095 614 1173 Fortuna,
633 1099 761 1162 tandem
779 1099 954 1165 inclinante*
965 1106 1010 1167 ed
1025 1104 1179 1190 equiori&

155 1219 255 1260 erute
274 1207 397 1278 partes,
428 1197 572 1260 Deorum
597 1199 761 1261 voluntate
788 1201 906 1265 vienna
929 1207 1031 1267 atroci
1052 1210 1175 1289 pretio,

154 1299 187 1362 in
208 1297 333 1361 ultimos
353 1297 519 1377 Hercynia
536 1316 680 1361 secessus
694 1301 832 1379 propuli.
870 1305 962 1366 Unde
973 1309 1067 1385 paulo
1087 1316 1183 1390 post‚·

154 1399 194 1461 de
210 1399 357 1462 ulteriori
374 1418 490 1460 cevent
508 1397 669 1478 periculo,
690 1400 723 1460 in
743 1401 859 1464 lutiam
879 1405 1040 1486 confugit,
1060 1408 1175 1492 ibique

152 1500 282 1582 pulchre
309 1498 487 1562 fallentibus
507 1499 677 1575 Romanis,
710 1500 766 1584 qui
785 1501 953 1568 liberaliter
974 1509 1076 1570 omnia
1096 1528 1176 1589 pro·

151 1597 318 1669 miserant,
338 1610 370 1661 et
382 1621 438 1681 spe
451 1599 619 1663 frustratus
636 1622 710 1675 sua,
730 1601 884 1682 inglorius
900 1606 1075 1668 consenuit.
1097 1608 1175 1689 Ego

42 1775 47 1783 ι
153 1699 352 1762 Gemteniam
374 1699 455 1762 intra
479 1721 515 1762 se
540 1699 744 1779 conjunctam
767 1703 900 1765 reddidi·
919 1716 952 1765 et
977 1707 1171 1787 unanimem,

70 1845 72 1850 .
152 1821 189 1863 ee
207 1799 283 1862 olim
301 1799 363 1881 jam
383 1811 491 1882 optato
510 1798 661 1864 libertatis
676 1802 783 1878 bono,
804 1804 993 1890 tandemque
1006 1809 1172 1885 adsecuto,

150 1901 215 1965 frui
241 1901 331 1983 coepi.
380 1900 439 1964 His
466 1911 594 1982 oportet
612 1902 762 1981 ampliore
782 1905 929 1986 gesserit,
963 1908 1019 1989 qui
1039 1929 1091 1970 me
1109 1909 1174 1973 sibi

149 2003 325 2067 sectmdum
344 2023 414 2066 esee
434 2002 527 2078 velit,
557 2013 612 2063 eut
635 2023 701 2084 quo
721 2026 784 2084 prm
813 2005 852 2065 ad
872 2006 1001 2084 primam
1022 2026 1085 2088 ego
1106 2013 1176 2089 pat.

112 2120 117 2130 ·
147 2123 228 2168 mam
258 2103 371 2167 venire
396 2124 462 2165 non
492 2102 637 2165 debeam.
681 2105 747 2166 Sed
778 2105 851 2187 quia
882 2107 922 2165 de
950 2105 997 2166 rei
1028 2110 1173 2175 militarie

146 2205 276 2288 peritia,
308 2215 342 2268 et
359 2203 534 2285 imperandi
553 2203 698 2279 scientie,
729 2205 920 2268 reducendi
942 2210 1100 2271 exercitus
1120 2210 1174 2273 ina

147 2304 268 2369 dustria
297 2312 455 2367 certamen
480 2314 547 2380 est,
573 2302 721 2386 praeierat
740 2305 851 2388 aliquis
879 2306 923 2368 ibi
950 2329 984 2369 se
1003 2309 1097 2384 mihi,
1132 2330 1173 2375 ae

145 2417 243 2488 neget
263 2405 389 2467 affuisse
408 2405 473 2465 haec
493 2404 556 2481 itti,
590 2405 645 2485 qui
667 2416 763 2469 tantas
791 2406 823 2468 in
843 2407 1062 2485 hujuscemodi
1088 2411 1173 2474 diffi-

145 2507 311 2570 cultatibus
342 2509 434 2567 talem
461 2519 570 2567 contra
597 2508 717 2568 hostem
739 2527 788 2568 res
809 2509 957 2589 gesserit,
986 2532 1106 2592 castate
1129 2510 1172 2575 ad

144 2612 240 2673 finem
268 2606 338 2668 vitae
365 2607 448 2668 bello
473 2607 610 2667 invictus
640 2605 885 2669 continuaverit.
925 2610 1006 2671 Nihil
1035 2612 1172 2677 alienam

47 2742 51 2749 ⁴
144 2711 271 2772 aemulor
287 2707 436 2792 giorinm3
457 2707 514 2768 sed
534 2706 603 2780 isti,
624 2704 801 2767 absitdicto
816 2709 951 2784 invidia,
971 2712 1172 2776 mediocrem

144 2806 498 2895 quisqueopotentiem,
533 2819 564 2867 et
603 2800 780 2887 dispertitas'
823 2820 857 2870 ut
882 2812 1050 2890 putrimnm
1080 2813 1170 2879 vires

93 2956 96 2961 -
143 2907 286 2994 aggressi
308 2919 391 2969 sunt.
429 2909 502 2985 Ego
517 2917 670 2968 terrarum
689 2908 776 2969 orbis
796 2908 978 2988 imperium,
997 2912 1174 2994 idque,'ut

142 3013 344 3084 dictumest,
378 3007 623 3070 valentissimum
651 3019 743 3081 tunc,
774 3018 820 3069 tot
851 3008 882 3068 in
914 3031 1011 3071 nuum
1039 3024 1165 3076 coactas

142 3110 306 3170 nationum
325 3109 426 3184 vires,
458 3128 494 3168 ac
512 3127 679 3170 renascens
701 3107 740 3167 ab
761 3108 846 3168 omni
867 3109 954 3169 clade
975 3110 1110 3188 betium,
1131 3123 1165 3176 et

141 3207 314 3272 diutissime
348 3211 431 3270 nuile
468 3207 696 3269 intermissione
730 3210 934 3270 succedentes
972 3212 1031 3273 sibi
1063 3213 1164 3290 viere,

140 3313 224 3373 uitro
245 3309 430 3390 audensque
449 3308 482 3368 in
502 3326 552 3368 me
572 3308 746 3384 concitavi,
778 3320 809 3368 et
828 3310 867 3370 ad
886 3310 1045 3387 ultimum,
1074 3314 1169 3395 quod

140 3428 182 3474 ne
201 3413 307 3474 hostes
336 3407 465 3491 quide'm
494 3417 627 3489 negant,
657 3407 721 3469 vici
751 3429 787 3468 ac
814 3411 1000 3490 profligari,
1030 3414 1169 3493 patriam

141 3524 276 3575 externo
294 3512 429 3571 decusso
445 3507 540 3589 jugo,
561 3528 602 3567 cx
618 3508 756 3569 omnium
773 3530 873 3589 prope
898 3513 1005 3572 mnndi
1019 3515 1168 3589 gentium

140 3614 172 3677 itt
191 3630 389 3673 communem
411 3609 595 3671 servitutem
614 3629 787 3685 consensu,
810 3609 981 3673 immunem
1009 3626 1041 3673 et
1068 3614 1169 3677 iiber·

138 3714 209 3776 tatis
238 3730 410 3774 memorem
439 3708 565 3771 retinui.
604 3711 718 3791 Neque
751 3712 812 3771 ulla
841 3712 902 3771 hoc
930 3712 1039 3775 siverit
1069 3716 1169 3806 ratio·

138 3815 258 3886 Judex,
283 3824 317 3872 ut
337 3810 524 3891 persuadeat
544 3811 724 3872 Alexander
744 3810 811 3885 tibi,
831 3822 892 3874 tam
914 3813 1004 3874 facilc
1025 3816 1171 3881 debelia-

139 3928 245 3978 turnm
264 3935 298 3975 se
318 3913 436 3987 fuisse,
456 3912 508 3972 vel
526 3922 562 3971 ut
578 3910 627 3971 itta
642 3911 772 3973 fuerunt
788 3923 972 3992 tempestate
986 3917 1169 3997 Romanos,

139 4035 233 4098 quam
265 4025 318 4075 aut
345 4014 453 4074 molles
479 4011 561 4074 Asiae
591 4014 739 4091 populos,
773 4013 888 4095 tutibus
919 4016 959 4076 de
987 4027 1100 4095 postea
1120 4041 1168 4082 ex

136 4111 288 4178 Romanis
312 4113 439 4197 quidam
457 4113 545 4173 nullo
566 4114 697 4192 negotio
717 4113 757 4173 ab
776 4135 810 4174 se
830 4115 980 4189 devictis,
1001 4137 1168 4181 memora.

138 4218 200 4280 bite
219 4219 280 4278 hoc
302 4215 458 4295 triumpho
480 4233 538 4274 suo
563 4213 721 4294 vpraetuiit:
754 4215 856 4291 Veni,
885 4217 965 4290 vidi,
996 4216 1075 4291 vici3
1107 4232 1167 4283 aut

136 4321 272 4380 inermes
294 4314 389 4376 Indiae
409 4312 571 4387 nationes,
593 4335 670 4395 qtttts
691 4315 845 4376 beliorum
864 4316 1049 4392 medentes,
1072 4339 1168 4384 com.

134 4419 363 4511 mesenbundus
390 4416 449 4480 iste
481 4414 676 4478 ebrioiorum
712 4426 744 4476 et
770 4415 988 4479 bacchantium
1008 4419 1095 4483 circa
1125 4444 1166 4487 se
