2618 5108
457 770 504 883 de
530 770 689 872 Spongia
712 770 892 847 Erasmi.'·
945 761 948 767 ’
1093 770 1163 848 tet

140 965 297 1046 'injuriam
324 961 600 1040 circumvolantes,
622 963 854 1048 civitatemque
881 961 944 1041 jam
972 974 1060 1041 paene
1089 965 1166 1023 con'·

139 1079 304 1149 -sumptam
334 1064 616 1135 vehementissimis
648 1063 810 1128 laboribus
842 1081 971 1128 servare
1000 1061 1165 1138 inhiantes,

152 1168 407 1250 clamoribusque
436 1168 506 1247 plus
526 1185 620 1248 quam
640 1164 814 1228 Stentoreis
845 1166 900 1241 (ut
919 1163 973 1239 fit)
1001 1183 1036 1224 se
1054 1172 1166 1225 mutuo

150 1268 370 1342 adhortantes,
393 1276 557 1341 avocaret,
576 1285 614 1327 ac
631 1264 756 1328 illorum
774 1264 876 1328 serios
892 1261 1032 1337 labores,
1053 1262 1168 1325 adhor-
1302 1328 1307 1341 ,

137 1368 305 1445 tationes,
333 1370 483 1430 clamores
501 1366 695 1446 increparem
722 1385 859 1448 cumque
877 1362 1048 1444 supercilio
1075 1359 1168 1444 jube·

149 1478 216 1532 ret:
248 1462 284 1531 ut
309 1487 378 1530 rem
408 1459 535 1530 summis
562 1474 682 1528 tantum
702 1469 752 1544 (ut
768 1464 898 1541 dieitur)
917 1462 1057 1547 digitulis
1076 1461 1168 1525 attin·

149 1579 277 1652 gerent,
310 1587 376 1629 non
404 1585 474 1629 esse
501 1575 564 1626 tam
587 1563 672 1627 serio
703 1564 860 1649 tantisque
888 1564 1073 1629 tumultibus
1098 1583 1168 1627 rem

148 1670 377 1752 attingendam,
409 1667 554 1731 modeste
583 1666 745 1750 taciteque
770 1667 945 1730 sedandum
975 1664 1168 1728 incendium.

148 1771 204 1835 Ne
224 1770 275 1833 ille
294 1771 374 1832 male
392 1770 487 1831 vellet
505 1767 579 1830 huic
597 1765 733 1841 civitati,
754 1765 941 1850 faveretque
960 1764 1086 1830 illorum
1105 1764 1168 1835 die,-

148 1869 289 1933 crimini!
322 1871 396 1932 Non
425 1868 511 1931 eliud
539 1866 606 1950 agit
630 1869 795 1942 Erasmus,
824 1886 897 1930 mun
927 1865 1061 1929 consulit
1078 1864 1168 1928 istem

149 1969 334 2052 Paplsticam
347 1968 485 2032 incendii
495 1968 615 2033 rabiem
625 1967 767 2031 modeste
782 1968 961 2048 pacandam,
982 1966 1058 2042 imo,
1078 1963 1169 2048 juxta

137 2081 311 2151 ·Esqjam.·
344 2068 469 2144 Clama,
497 2087 538 2130 ne
562 2088 684 2147 cesses,
717 2067 808 2153 quasi
838 2069 915 2131 tuba
934 2070 1037 2130 exalta
1053 2086 1169 2130 rocem

149 2183 236 2236 tuem
264 2172 343 2233 ete!
372 2172 540 2245 Erasmus,
571 2167 599 2232 si
616 2167 759 2246 ridetur,
784 2179 900 2245 taceat,
932 2169 1035 2253 sitque
1051 2167 1168 2234 socius

136 2272 270 2336 lurum.
315 2271 477 2333 Lutherus
503 2287 605 2345 sane,
629 2270 686 2353 qui
703 2269 880 2352 pomarium
898 2269 984 2333 illum
1003 2279 1170 2336 Herculem

150 2370 351 2457 quantumvis
371 2374 551 2452 φαλαρίσμον
569 2390 636 2432 nou
654 2369 825 2447 tantifacit,
857 2392 941 2455 egre
962 2371 1093 2449 tacebit,
1112 2373 1170 2436 sed

137 2471 292 2553 martyrii
311 2482 484 2553 expectans
505 2491 672 2548 eoronam,
703 2471 876 2534 crabrones
898 2473 977 2538 istos
1003 2485 1170 2559 quantum·

150 2574 227 2649 tibet
256 2593 358 2636 sevos
387 2573 546 2635 liberrime
570 2581 684 2655 perget
702 2571 842 2650 irritare,
868 2574 1016 2638 stolidum
1034 2574 1119 2639 istud
1136 2595 1170 2658 ep

150 2673 274 2737 ebrium
292 2691 466 2751 percorum
492 2691 594 2754 genua
622 2691 689 2734 non
707 2672 882 2736 morabitur
908 2670 960 2736 vir
976 2672 1028 2739 ille
1048 2676 1169 2740 electus

151 2771 347 2850 aDomino,
383 2773 441 2837 sed
468 2791 573 2856 usque
591 2773 634 2836 ad
650 2787 787 2836 mortem
803 2784 1033 2858 persequetur,
1063 2775 1169 2838 donec
1270 2800 1277 2814 κ

151 2875 288 2940 labascat
314 2895 450 2959 regnum
476 2872 618 2952 illorum,
646 2873 794 2939 nimirum
820 2875 862 2951 ad
887 2877 1068 2959 exemplum
1092 2859 1170 2938 Elisa

137 2975 227 3059 .(qui
263 2986 312 3039 tot
347 2975 507 3040 sacrificos
536 2976 612 3039 Baal
651 2975 757 3056 gladio
786 2973 976 3052 interfecit)
1010 2974 1170 3040 missarioe

138 3076 230 3139 ‚istos
248 3074 353 3140 multis
370 3075 552 3160 nominibus
568 3072 698 3157 pejores
712 3075 879 3141 trucidabit
897 3075 1021 3160 gladio,
1042 3078 1104 3140 hoc
1121 3088 1173 3142 eet

148 3175 215 3238 orie
235 3174 338 3238 divini
353 3175 483 3258 spiritu,
503 3159 753 3260 repugnantibus
769 3176 863 3240 etiam
886 3179 1031 3243 omnibus
1047 3179 1170 3244 infero·

152 3276 356 3357 rum-portis.
381 3279 491 3361 Atque
513 3278 729 3363 heepquidem
746 3277 857 3360 agitat,
876 3278 1087 3365 agitabitque,
1111 3301 1171 3342 ro·

154 3379 340 3454 lenteDeo‚
361 3378 523 3442 Lutherus
541 3378 612 3456 ille,
632 3379 674 3442 do
693 3398 759 3462 quo
778 3378 900 3442 dubitat
910 3382 1074 3455 Erasmus,
1094 3400 1171 3444 num

150 3479 298 3561 spiritum
324 3478 387 3544 Dei
412 3490 532 3562 agatur.
570 3479 683 3543 Itidem
707 3491 774 3542 erat
793 3479 989 3562 judicaturus
1008 3482 1169 3557 Erasmus,

149 3581 178 3646 si
197 3579 328 3645 vidisset
341 3579 417 3643 olim
436 3579 539 3642 Eliam
550 3579 734 3643 Thesbiten
748 3593 859 3643 contra
870 3582 1054 3646 universum
1073 3581 1171 3646 lsrael

151 3696 303 3757 stantem,
323 3680 406 3745 illius
427 3700 582 3743 erroneos
601 3680 666 3744 Dei
684 3683 785 3744 cultus
810 3679 1022 3761 rejicientem,
1052 3684 1170 3748 nemini

148 3795 349 3863 parcentem
389 3782 506 3847 deinde
548 3801 628 3842 vero
672 3780 764 3843 etiem
800 3780 989 3845 Baalitarum
1023 3781 1171 3865 injuriam

150 3879 239 3945 ferro
268 3881 491 3947 vindicantem.
538 3883 690 3946 Nondum
714 3881 802 3944 terro
830 3883 947 3945 oceidit
976 3903 1169 3969 quemqnam

148 3981 331 4058 Lutberus,
362 3984 443 4047 sicut
469 3984 571 4060 Elias,
597 3985 654 4047 sed
681 3983 773 4064 virga
797 3981 903 4046 ferree
929 3982 1013 4067 regit
1045 3987 1173 4067 orbem!

149 4081 289 4157 mordet,
323 4084 502 4164 perturbat,
531 4083 669 4168 jugulat,
694 4084 752 4146 sed
784 4104 925 4159 morsos,
956 4087 1169 4165 perturbator,

150 4181 312 4266 jugulatos
339 4183 472 4265 recipit,
501 4187 616 4266 placat,
646 4196 750 4261 sanat,
779 4181 973 4265 Christoque
1003 4186 1170 4250 lucrifacit.

148 4286 239 4348 Hanc
251 4286 441 4351 laboriosam
454 4298 565 4350 contra
583 4285 773 4368 impietatem
791 4284 955 4368 pugnandi
973 4286 1169 4366 provinciam

148 4387 322 4452 contemnit
339 4389 490 4453 Erasmus
510 4387 544 4452 in
562 4408 657 4453 suurn
674 4386 845 4451 nannum
858 4385 989 4463 malum,
1008 4387 1169 4472 dulcique,
1230 4382 1239 4403 ⁸
