2618 5108
151 804 222 877 288
271 792 329 876 Ad
351 802 526 902 Imperat.
552 803 740 878 Caesarem
765 805 938 880 Carolum
958 811 1076 910 Epist.

148 999 192 1063 ‘de
212 1018 245 1062 se
262 995 428 1080 professus
445 1009 609 1065 Aloanda·
619 998 679 1064 istc
695 1020 799 1082 nuper
816 1010 872 1063 est.
912 1003 1002 1082 Oreos
1017 1001 1094 1062 tales
1110 992 1184 1062 talia

151 1099 379 1174 machinantes,
409 1099 626 1182 impunitatem
645 1103 717 1165 hinc
737 1103 817 1164 elabi
838 1102 1002 1166 sinemus?
1036 1103 1088 1163 Tu
1111 1099 1182 1184 qui·

149 1204 223 1265 dem
241 1212 279 1264 ut
298 1201 393 1290 video
421 1205 517 1267 sines.
564 1206 690 1267 Verum
719 1207 819 1267 adlruc
846 1224 915 1266 esse
948 1202 982 1265 in
1010 1203 1180 1264 Germania

148 1304 292 1368 homines
313 1317 406 1383 puta,
430 1306 503 1389 qui,
525 1306 617 1369 etiam
638 1306 711 1369 site
734 1306 853 1368 offendi
874 1306 913 1366 ad
933 1315 1055 1381 tempus
1077 1305 1182 1387 (quod
1220 1312 1230 1338 ⁸

71 1452 72 1455 ,
149 1417 307 1488 perpetuo
327 1417 437 1487 postea
457 1409 572 1489 prosit)
600 1418 767 1488 oporteat,
797 1406 917 1489 aliquid
937 1404 1037 1466 laudis
1060 1416 1091 1467 et
1112 1407 1181 1488 glo·

150 1508 204 1571 riae
224 1529 333 1571 secum
353 1508 490 1593 agitent..
523 1508 634 1591 Hique
654 1508 744 1570 simul
766 1529 801 1569 ac
819 1507 896 1570 boni
909 1527 1034 1581 omnes,
1055 1520 1181 1569 mecum

149 1622 285 1672 nancte
306 1627 397 1673 orant
416 1625 449 1674 et
476 1611 690 1686 obtestantur,
721 1610 759 1671 ab
787 1630 897 1671 errore
918 1611 1000 1670 malo
1022 1619 1054 1667 et
1075 1607 1182 1688 perni-

150 1714 254 1788 cioso,
290 1733 326 1773 ac
360 1711 540 1792 apessimis
567 1711 634 1775 istis
663 1710 897 1773 consultoribus
926 1724 962 1771 ut
994 1709 1124 1771 avocari
1148 1720 1181 1771 te

48 1877 50 1881 .
148 1813 288 1897 patiaris.
344 1815 451 1898 thue
485 1826 671 1895 perspecto,
711 1836 780 1897 quse
810 1812 850 1873 sit
887 1812 1061 1873 Germaniae
1094 1827 1180 1871 nunc

147 1915 261 1991 facies,
284 1918 354 1999 quis
383 1915 526 1992 habitus,
553 1915 733 1978 hominibus
752 1926 783 1977 te
804 1913 1037 1987 accommodes,
1070 1912 1180 1994 quiet

148 2016 247 2079 velint
276 2029 308 2078 et
334 2016 458 2100 possint
485 2016 573 2080 utilia
593 2017 647 2079 tibi
668 2037 703 2078 ac
723 2019 854 2079 honesta
874 2017 1059 2087 consulere,
1086 2015 1180 2074 etlam

148 2121 295 2195 consilia,
330 2140 403 2182 cum
425 2140 506 2200 opus
526 2120 580 2192 sit,
616 2119 701 2180 sacto
729 2118 858 2200 exequi.
903 2124 1081 2182 Lutkerum'
1096 2121 1177 2177 vero

149 2232 185 2280 ut
206 2221 331 2294 audias,
364 2220 457 2281 etiam
485 2221 663 2300 diligenter,
700 2240 806 2302 neque
834 2240 906 2281 eum
934 2217 1051 2291 virum,
1081 2238 1179 2300 quem

149 2330 317 2381 nocentem
350 2320 442 2380 etiam
474 2330 521 2380 tot
547 2319 747 2400 optimatum,
781 2330 813 2381 ct
847 2320 1005 2380 bonorum
1033 2318 1179 2381 virorum

147 2418 300 2479 voluntati
327 2421 504 2481 concedere
532 2420 615 2480 haud
639 2421 825 2482 indecorum
845 2431 925 2495 crat,
953 2418 1016 2500 juri
1046 2431 1077 2479 et
1097 2419 1177 2500 legi·

147 2518 206 2581 bus
238 2539 303 2602 quo
330 2519 476 2602 confugit
495 2519 665 2603 denegare.
711 2519 775 2598 Qui
805 2520 922 2603 alioqui
948 2521 974 2583 si
1002 2520 1177 2600 trepidaret

147 2619 257 2695 etiam,
284 2621 458 2683 audiendus
479 2632 583 2683 tamen
604 2631 699 2684 esset.
737 2622 829 2682 Nunc
845 2642 957 2703 magna
972 2620 1176 2683 eonscientiae

145 2721 260 2784 fiducia
289 2703 414 2785 causam
434 2722 542 2784 dicere
563 2742 636 2784 curn
661 2722 782 2805 cupiat,
810 2723 1020 2786 admittendus
1047 2725 1176 2785 omnino

146 2828 206 2884 est.
246 2823 325 2884 Nam
344 2825 370 2884 si
388 2836 471 2887 esset
492 2835 659 2905 suspectus
678 2824 772 2886 etiam
792 2814 957 2901 omnibus,
979 2839 1082 2888 tamen
1101 2847 1178 2904 pur·

145 2923 242 3006 gandi
256 2924 386 2986 facultas
411 2925 562 3006 denegari
585 2945 651 2987 non
670 2926 812 2989 deberet.
850 2928 943 2988 Nunc
967 2927 1087 3007 optimo
1110 2925 1177 2989 cui·

145 3046 210 3108 que
228 3025 357 3108 cognita
378 3037 410 3086 et
433 3037 598 3106 perspecta
622 3022 692 3106 ejus
718 3028 797 3089 tides
821 3047 893 3090 cum
913 3027 973 3102 sit,
1004 3038 1036 3090 et
1058 3048 1076 3087 a
1097 3048 1176 3108 pau·

143 3125 293 3202 cissimis,
317 3125 433 3208 quibus
445 3127 484 3188 ob
493 3126 643 3190 virtutem
663 3127 784 3190 invisus
806 3139 871 3206 est,
894 3128 1075 3202 deferatur,
1099 3127 1176 3190 nihil

144 3227 242 3290 debes
269 3227 406 3289 alienum
431 3250 448 3290 a
469 3230 609 3312 legibus,
647 3228 687 3290 ab
712 3228 844 3312 antiquo
870 3250 979 3304 more,
1012 3228 1173 3309 apublica

144 3328 376 3391 consuetudine
401 3328 575 3392 admittere.
612 3331 684 3391 Hoc
702 3350 739 3391 ea
760 3332 841 3405 lide,
865 3351 927 3413 qua
943 3329 1171 3409 Imperatorem

142 3445 174 3496 te
197 3431 363 3507 habemas,
386 3431 602 3512 deprecamur.
640 3431 798 3493 Praeterea
823 3431 898 3512 quia
919 3451 1012 3492 nemo
1050 3431 1175 3495 dubitat

143 3551 215 3596 cum
239 3542 374 3597 Laches-i
400 3553 494 3594 eausa
518 3554 586 3615 quaa
621 3530 683 3592 sint
709 3552 871 3608 connexa,
905 3533 1013 3594 eredas
1043 3546 1174 3596 omnem·

142 3655 229 3697 nunc
243 3633 459 3709 Germaniam,
484 3635 572 3716 quasi
593 3634 631 3694 ad
656 3652 760 3711 genua
778 3635 977 3712 provolutam
997 3632 1053 3694 tibi
1075 3654 1168 3696 orare

141 3750 214 3796 cum
234 3736 327 3809 fletu,
353 3733 503 3796 obtestari
521 3754 594 3796 cum
613 3732 777 3812 lacrymis,
806 3754 965 3815 opemque
990 3733 1171 3798 misericor-

141 3833 224 3898 diam
253 3846 284 3894 et
306 3837 402 3897 fidem
426 3835 613 3914 implorare,
642 3854 901 3918 exposcereque,
927 3846 963 3896 ut
983 3857 1017 3897 se
1046 3855 1171 3918 serves,

142 3934 268 4019 sibique
282 3936 416 4010 reddas,
433 3959 451 3998 a
470 3937 623 3999 servitute
643 3936 776 4010 liberes,
792 3957 810 3997 a
827 3936 991 4013 tyrannide
1011 3937 1166 4015 vindices,

140 4055 199 4118 per
224 4047 361 4098 sanctam
383 4038 566 4100 memoriam
588 4058 721 4111 conam,
746 4036 802 4119 qui
828 4037 887 4098 sub
913 4037 1064 4100 Romanis
1093 4039 1170 4101 olim
1201 4024 1202 4027 Ἴ

141 4149 212 4200 toto
235 4138 313 4199 orbe
343 4137 469 4218 potitis,
497 4141 617 4201 servire
640 4160 674 4200 se
698 4137 782 4217 passi
806 4157 872 4197 non
892 4148 984 4212 sunt,
1017 4159 1058 4200 ne
1084 4141 1168 4204 baud

138 4239 222 4302 bene
258 4238 334 4301 viris
369 4238 452 4314 istis,
492 4239 638 4304 mollibus
673 4250 705 4302 et
736 4237 932 4301 elloeminatis
963 4259 1077 4321 parere
1106 4262 1167 4305 nos

137 4339 311 4423 permittas.
349 4339 398 4402 M.
413 4340 456 4403 D.
470 4339 587 4404 XXI..

580 4525 745 4542 μ-ιι-ι-ι-ιι
790 4523 791 4527 ’
