2618 5108
173 815 244 894 nt
428 849 430 853 ·
457 815 660 898 Pmdones
708 816 910 920 Dialogus·

578 1009 798 1076 Mercator.

179 1168 184 1176 .
246 1112 324 1176 Non
342 1108 479 1176 inficior.

559 1226 814 1292 Franciscus.

178 1346 185 1367 ³
247 1332 290 1394 Et
307 1332 371 1393 hoc
386 1326 464 1395 mihi
482 1328 649 1404 concedis,
676 1340 763 1390 tanto
789 1330 981 1394 nobiliorem
999 1354 1070 1397 esse
1091 1355 1204 1418 quem·

170 1449 252 1519 que,
273 1440 394 1516 quanto
413 1429 514 1514 magis
532 1440 654 1512 pugnet
675 1451 735 1512 pro
755 1433 926 1514 acquitate?

190 1542 197 1559 ‘
573 1546 795 1612 Mercator.

177 1659 181 1667 ’
245 1646 360 1712 Etiam.
648 1721 651 1736 ‚

552 1764 807 1827 Franciscus.

246 1865 334 1949 Quid
364 1867 427 1928 boc
465 1865 594 1931 autem?
641 1864 802 1929 Concedis
831 1866 966 1929 maxime
994 1864 1111 1928 decere
1140 1889 1201 1949 pro

168 1965 316 2052 equitate
354 1986 501 2049 pugnare
538 1965 721 2047 Principes,
765 1985 833 2027 non
856 1965 931 2026 solis
961 1976 1066 2028 tamen
1091 1966 1200 2045 licere,

167 2077 331 2131 comante
350 2065 561 2145 obtinuerim,
581 2089 641 2130 nos
654 2068 740 2129 solos
756 2081 828 2129 esse
840 2066 983 2144 nobiles,
1003 2067 1075 2130 licet
1094 2067 1203 2152 impri-

166 2168 226 2233 mis
246 2166 332 2232 sint?

253 2267 262 2280 ’
570 2276 790 2338 Mercator.

234 2375 416 2453 Concedo,
446 2396 560 2440 verum
587 2378 644 2438 hac
668 2375 873 2452 conditione,
901 2388 938 2439 ut
965 2377 1090 2440 illorum
1110 2375 1202 2459 jussu

165 2478 225 2541 ios
243 2476 411 2560 pugnetis,
431 2498 540 2561 neque
559 2498 619 2558 pro
639 2487 745 2539 vestra
762 2474 893 2541 libidine
913 2479 1041 2541 sumatis
1061 2499 1158 2543 arma.

554 2592 813 2656 Francis'cus.

246 2694 372 2781 Quodsi
392 2715 556 2778 nunquam
576 2691 707 2772 jubeant
726 2692 787 2769 illi,
820 2704 856 2755 ut
875 2715 948 2756 raro
968 2691 1082 2775 jubent
1101 2719 1199 2775 nunc,

167 2778 253 2876 'lnam
282 2800 390 2882 quales
418 2797 515 2858 hodie
536 2806 610 2859 sunt
639 2795 672 2857 in
694 2793 863 2855 Germania
894 2794 1078 2875 Principes,
1112 2818 1202 2863 suam

165 2920 328 2983 quemque
347 2909 379 2960 et
397 2900 549 2980 privatam
568 2917 635 2958 rem
655 2897 843 2977 plerumque
863 2895 1007 2958 videmus
1026 2897 1200 2979 respicere,

165 2999 329 3083 publicum
354 3020 435 3060 vero
466 3019 586 3060 curare·
608 2995 827 3077 paucissimos)
857 3007 932 3057 tunc
958 2996 1043 3061 sines
1074 2998 1200 3080 injussu

164 3098 308 3175 illorum,
328 3121 388 3180 pro
412 3100 559 3183 aequitate
578 3119 638 3161 nos
658 3115 790 3180 quoque
809 3096 1019 3178 depugnare?

556 3215 790 3278 Mercator.

242 3317 337 3379 Tunc
356 3315 465 3380 sinam.

555 3423 815 3494 Franciscus.

240 3534 283 3597 Et
299 3532 400 3617 siquis
421 3545 453 3596 te
466 3533 583 3613 affligat
601 3551 687 3593 nunc
707 3529 840 3610 injuria,
861 3551 987 3613 aequum
1003 3543 1113 3612 putas,
1133 3535 1199 3599 vim
1238 3573 1243 3583 .

161 3657 233 3717 eam
262 3635 317 3697 abs
348 3645 378 3697 te
408 3645 444 3697 ut
482 3632 666 3706 defendam,
705 3629 733 3693 si
764 3651 860 3693 nemo
895 3632 1049 3716 Princeps
1088 3635 1200 3715 jubeat

165 3728 285 3800 etiami

573 3841 794 3905 Mercator.

241 3943 328 4026 Quid
347 3941 406 4005 ni?
430 3962 567 4026 aequum.

556 4059 814 4122 Franciscus.

164 4172 170 4179 '
231 4160 343 4223 ‘Vides
373 4159 489 4242 igitur,
520 4179 614 4243 quam
642 4181 708 4223 non
740 4157 927 4234 conveniat,
960 4160 1022 4221 boc
1058 4159 1199 4226 adimere
1262 4209 1263 4212 ,

163 4260 277 4337 nbbis,
302 4281 368 4345 quo
388 4262 458 4322 solo
479 4259 603 4323 nobiles
624 4282 748 4335 sumus,
776 4272 812 4320 ut
831 4259 865 4321 vi
890 4281 1050 4322 armorum
1069 4263 1200 4345 sequita-

164 4374 226 4426 tem
257 4373 418 4434 tueamur3
446 4359 619 4442 praesertim
638 4362 691 4422 lex
711 4360 880 4422 nobilitatis
904 4381 978 4421 curn
999 4359 1056 4434 sit,
1077 4363 1198 4427 auxilio

163 4466 271 4526 levare
292 4481 481 4541 oppressos,
517 4481 611 4544 opem
637 4460 723 4522 serre
743 4459 881 4546 miseris,
917 4460 1049 4523 adflictis
1067 4483 1200 4528 succur-
