2618 5108
249 1327 988 1429 Interlocutorem

285 1553 453 1624 Mentior,
474 1562 504 1608 et
524 1553 718 1613 Franciscus
737 1556 770 1628 (e
787 1559 972 1637 Sikinqen.)

510 1855 725 1926 Monitor.

178 1961 291 2042 Nuper
312 1959 397 2023 idem
415 1961 591 2035 faciebam,
624 1963 680 2025 scd
700 1965 795 2028 animi
821 1986 915 2030 causa
941 1969 1078 2030 nuncin
1098 1987 1135 2030 re
1244 1988 1263 2002 ¹·

100 2064 277 2124 necessaria
302 2073 338 2123 ut
356 2061 659 2137 commonefaciam,
688 2066 817 2132 accessi.
855 2069 970 2152 Neque
990 2066 1074 2131 enim
1095 2069 1136 2132 ab

101 2162 176 2225 inita
197 2162 335 2243 primum
353 2162 446 2224 nobis
468 2162 601 2224 amicitia
621 2185 732 2245 passus
752 2189 841 2244 sum,
863 2169 1069 2253 quantumin
1083 2178 1134 2232 ute

99 2263 179 2339 tuit,
201 2263 465 2329 existimationem
487 2263 632 2328 laborare
648 2277 744 2331 tuam.
810 2302 817 2333 ε

490 2381 749 2448 Franciscus.

178 2480 292 2564 Quid?
325 2482 377 2545 illa
394 2482 491 2545 enim
520 2482 666 2547 laborat?
698 2496 752 2548 aut
770 2486 850 2571 quid
868 2497 932 2552 tam
950 2488 1135 2554 necessario

103 2584 348 2648 commovebis?
1023 2596 1029 2607 '

517 2694 715 2759 Monitor.

176 2792 275 2859 Certe
298 2794 448 2878 profecto
479 2794 620 2873 laborat,
651 2806 747 2878 atque
766 2796 866 2880 igitur
894 2800 1134 2880 permoniturus

97 2894 226 2973 adsum,
258 2900 398 2960 hancne
418 2909 453 2960 tu
473 2898 628 2980 negligas.
671 2898 743 2961 Jam
762 2899 884 2984 aliquot
901 2921 1028 2964 menses
1047 2900 1133 2965 enim

96 3009 184 3076 eunt,
210 2999 300 3083 quod
321 2997 438 3082 passim
458 2999 538 3060 male
558 2998 659 3062 sudis.

489 3105 748 3171 Franciscus.

171 3211 246 3294 Ego
267 3209 347 3273 maie
365 3194 466 3286 vero,
487 3208 540 3270 dic
555 3207 612 3270 ubi
631 3221 752 3287 autem,
774 3219 806 3273 et
820 3208 968 3294 quamob
981 3202 1131 3272 causam?

519 3318 715 3382 Morritor.

170 3419 209 3481 ln
236 3417 298 3480 isto
326 3417 465 3482 maximo
497 3417 653 3494 concido,
698 3418 741 3481 ob
769 3420 927 3482 haereseos
957 3437 1130 3480 rumorem.

71 3518 199 3601 ,Aiunt
227 3519 313 3583 enim
339 3519 476 3582 Lutheri
501 3519 637 3600 partium
666 3541 735 3583 esse
766 3531 818 3597 te,
848 3531 880 3583 et
898 3520 994 3582 istum
1014 3516 1130 3581 iovere

91 3621 179 3684 domi
199 3623 395 3696 Hutteuum‚
414 3621 621 3685 maximorum
643 3622 814 3706 aliquando
836 3623 991 3683 malorum
1003 3638 1130 3684 causatu

92 3721 247 3787 futurum.
287 3714 375 3804 Q'uin
392 3722 484 3785 etiam
498 3723 649 3806 impetum
662 3722 753 3808 ajunt
768 3722 902 3804 coepisse
921 3732 971 3799 te,
990 3720 1130 3804 cogendi

91 3822 126 3885 in
162 3822 309 3888 ordinem
338 3825 545 3902 Sacerdotes,
588 3836 620 3898 et
649 3823 847 3905 Episcopus,
887 3843 995 3907 neque
1021 3823 1129 3886 vereri

88 3925 213 3990 Leonis
234 3937 344 3990 contra
366 3927 504 4005 Butram,
537 3937 570 3988 et
595 3937 644 3988 tot
663 3924 807 4003 priorum
825 3925 1018 4014 Pontificum
1038 3944 1129 3987 sanc·

87 4025 211 4103 tiones,
228 4050 270 4092 ne
284 4027 335 4089 cui
349 4027 444 4090 iiceat
463 4029 631 4095 reclamare
652 4028 871 4090 Romanorum
892 4026 1128 4108 Episcoporurn

87 4129 229 4212 placitis,
252 4141 537 4214 quantumcunque
556 4128 725 4191 videantur
746 4128 854 4211 iniqua
872 4126 977 4191 etiam.

474 4237 736 4302 Franciscus.

165 4338 288 4423 Neque
313 4353 417 4404 tamen
450 4340 568 4415 video,
600 4336 779 4405 istiusmodi
812 4337 955 4402 omnium
976 4338 1126 4420 conscius

85 4438 184 4518 mihi,
213 4461 273 4505 cur
300 4442 435 4507 debeam
462 4441 586 4510 traduci
615 4443 725 4523 vulgo.
775 4440 885 4524 Atque
920 4439 963 4504 ite
996 4453 1124 4518 censeo,
