2618 5108
192 811 261 899 ἥδ
482 816 686 895 Praedones
734 817 923 922 Dialogus.

588 1013 807 1078 Mercator.

192 1126 197 1131 '
263 1113 361 1189 Est03
381 1113 523 1178 rendere
540 1134 622 1177 vero
642 1114 732 1197 quod
750 1125 804 1177 tua
823 1123 895 1175 ante
910 1109 1045 1197 pecunia
1058 1132 1220 1196 compara·

187 1212 289 1291 veris,
309 1214 513 1280 inhonestum
531 1218 593 1280 hoc
612 1215 686 1279 est?

575 1338 834 1403 Franciscus.

263 1441 338 1502 Non
370 1449 428 1502 est.
488 1442 686 1523 Quamquam
716 1440 819 1503 omnia
847 1440 945 1502 video
976 1462 1072 1522 supra
1101 1450 1223 1503 sortem

187 1538 330 1602 vendere
350 1561 430 1616 vos,
471 1551 504 1601 et
534 1552 620 1601 tanto
640 1540 805 1603 meliorem
825 1561 987 1625 quemque
1011 1552 1224 1604 mercatorem

189 1639 330 1714 censeri,
368 1654 488 1723 quanto
507 1643 647 1705 lucratur
674 1643 784 1724 magis.
836 1643 899 1705 Sed
930 1653 963 1704 ut
992 1643 1161 1704 honestum
1181 1640 1224 1704 sit

188 1738 365 1822 negotiari,
390 1751 495 1804 tamen
515 1741 639 1804 divitias
659 1741 717 1826 qui
736 1752 898 1825 quaeruut,
916 1762 1046 1805 necesse
1066 1754 1131 1817 est,
1153 1741 1222 1805 itta-

187 1859 261 1904 nm
286 1839 394 1904 studio
423 1840 529 1923 turpia
564 1863 802 1927 nonnunquam*
829 1843 999 1906 admittant.
1047 1845 1133 1905 'l'um
1164 1864 1223 1904 ex·

188 1951 336 2022 prompta
364 1952 401 2003 ut
422 1941 592 2023 plurimum
610 1944 724 2006 fraude
745 1945 841 2021 estis,
871 1955 904 2006 et
923 1945 1048 2007 astutia.
1085 1946 1167 2006 Nam
1184 1954 1223 2007 ut

187 2062 255 2108 uuo
274 2043 377 2106 dicam
397 2042 517 2121 verbo,
545 2055 656 2107 vestre
676 2044 806 2123 fraudes
827 2056 918 2123 sunt,
938 2051 1104 2130 vestrique
1124 2045 1205 2110 dot.

590 2169 624 2231 Η
631 2190 653 2231 u
664 2178 693 2229 tt
702 2189 719 2230 e
728 2191 749 2231 n
757 2190 778 2231 u
786 2189 812 2232 s.

263 2272 366 2349 Nihil,
387 2293 408 2334 o
420 2272 555 2354 hospes!
574 2268 749 2357 relinquis,
771 2271 802 2332 in
826 2278 1015 2337 curtisanos
1030 2291 1121 2335 meos
1141 2269 1221 2355 quid

185 2371 311 2438 dicatur
330 2384 453 2452 postea.

570 2445 826 2511 Francisous.

262 2549 336 2628 Ego
356 2549 407 2611 hte
426 2570 513 2625 sum,
546 2548 588 2611 de
607 2548 664 2611 ittts
683 2560 718 2611 tu
738 2547 875 2624 videris,
907 2548 1036 2611 audiant
1054 2570 1089 2611 se
1111 2547 1221 2628 digna.

185 2647 248 2714 nte
266 2649 343 2712 mihi
358 2660 393 2713 tu
408 2670 506 2724 vero,
525 2647 582 2712 ubi
602 2661 634 2711 et
655 2651 783 2734 quando
801 2652 879 2711 male
900 2649 987 2733 apud
1009 2669 1069 2713 vos
1086 2647 1222 2712 audiunt

185 2749 290 2816 antidi
310 2748 380 2828 isti,
401 2762 433 2814 et
452 2749 599 2832 improbe
621 2752 710 2814 lucro
737 2749 864 2813 dediti?

594 2875 815 2939 Mercator.

262 2977 450 3064 Quiaeuim
469 2978 614 3062 proclive
632 2998 699 3040 non
719 2986 768 3038 est
786 2975 898 3053 nobis,
918 2972 1062 3059 judicare
1079 2974 1121 3038 de
1141 2971 1223 3037 attis.

580 3101 834 3166 Franciscus.

262 3204 338 3265 Non
358 3201 430 3266 est?
459 3222 531 3264 cum
552 3202 785 3266 callidissimum
813 3222 975 3286 quemque
1003 3199 1224 3265 fraudatorem

188 3302 229 3368 ad
248 3305 362 3366 coelum
381 3325 484 3386 usque
504 3304 630 3382 teraris,
650 3325 710 3366 nos
732 3315 875 3367 extreme
898 3303 1107 3367 detestemini.

592 3429 817 3492 Mercator.

91 3504 96 3515 Ι
153 3606 156 3610 Δ
266 3528 370 3593 Semel
400 3530 520 3592 sactum
540 3530 601 3591 hoc
621 3545 687 3606 est,
716 3529 755 3592 ab
782 3529 995 3612 imprudente.
1043 3529 1125 3593 Nam
1143 3530 1224 3595 illud

185 3651 254 3694 uon
274 3631 390 3707 video,
411 3630 558 3693 fraudem
577 3629 634 3712 qui
653 3631 865 3692 commendet.

573 3753 832 3817 Franciscus.

264 3852 438 3916 Ostendam
470 3851 526 3936 qui
553 3853 657 3916 saciat.
708 3857 798 3918 Tuos
820 3865 988 3940 Fuqqcros
1016 3855 1122 3919 bonos
1152 3875 1227 3920 esse

186 3953 314 4035 negas?

589 4032 807 4096 Mercator.

263 4131 375 4193 Bonos
396 4151 466 4194 esse
486 4132 571 4194 dico.

582 4257 838 4321 Franciscus.

265 4356 293 4419 ti
315 4379 393 4419 vero
423 4378 517 4442 qnam
537 4368 636 4420 artem
657 4359 835 4420 exercent?
865 4360 982 4422 Nonne
1005 4359 1171 4432 fraudant,
1191 4367 1224 4423 et

188 4462 395 4538 defraudant,
417 4462 609 4545 quibuscum
629 4459 859 4543 negotiantur?
