<?xml version="1.0" encoding="UTF-8"?>
<!DOCTYPE html PUBLIC "-//W3C//DTD XHTML 1.0 Transitional//EN"
    "http://www.w3.org/TR/xhtml1/DTD/xhtml1-transitional.dtd">
<html xmlns="http://www.w3.org/1999/xhtml" xml:lang="en" lang="en">
 <head>
  <title>
</title>
<meta http-equiv="Content-Type" content="text/html;charset=utf-8" />
  <meta name='ocr-system' content='tesseract 3.04.00' />
  <meta name='ocr-capabilities' content='ocr_page ocr_carea ocr_par ocr_line ocrx_word'/>
</head>
<body>
  <div class='ocr_page' id='page_1' title='image "./ulrichiabhutten00mngoog_0524.png"; bbox 0 0 2618 5108; ppageno 0'>
   <div class='ocr_carea' id='block_1_1' title="bbox 135 824 923 945">
    <p class='ocr_par' dir='ltr' id='par_1_1' title="bbox 135 784 923 945">
     <span class='ocr_line' id='line_1_1' title="bbox 135 824 923 945; baseline 0.008 -31"><span class='ocrx_word' id='word_1_1' title='bbox 135 840 220 924; x_wconf 61' lang='lat' dir='ltr'>zdd</span> <span class='ocrx_word' id='word_1_2' title='bbox 394 840 472 917; x_wconf 78' lang='lat' dir='ltr'>Ott.</span> <span class='ocrx_word' id='word_1_3' title='bbox 498 831 696 919; x_wconf 71' lang='lat' dir='ltr'>Br&#39;untetttt</span> <span class='ocrx_word' id='word_1_4' title='bbox 717 824 923 945; x_wconf 75' lang='lat' dir='ltr'>Responsio</span> 
     </span>
    </p>
   </div>
   <div class='ocr_carea' id='block_1_2' title="bbox 134 1030 1172 1726">
    <p class='ocr_par' dir='ltr' id='par_1_2' title="bbox 134 1030 1172 1329">
     <span class='ocr_line' id='line_1_2' title="bbox 134 1030 1172 1114; baseline -0.001 -12"><span class='ocrx_word' id='word_1_5' title='bbox 134 1036 315 1113; x_wconf 66' lang='lat' dir='ltr'>invehunt,</span> <span class='ocrx_word' id='word_1_6' title='bbox 345 1044 383 1099; x_wconf 87' lang='lat' dir='ltr'>ut</span> <span class='ocrx_word' id='word_1_7' title='bbox 409 1030 551 1099; x_wconf 73' lang='lat' dir='ltr'>ominum</span> <span class='ocrx_word' id='word_1_8' title='bbox 569 1035 705 1100; x_wconf 75' lang='lat' dir='ltr'>maxime</span> <span class='ocrx_word' id='word_1_9' title='bbox 731 1037 818 1102; x_wconf 69' lang='lat' dir='ltr'>coho</span> <span class='ocrx_word' id='word_1_10' title='bbox 836 1035 1034 1114; x_wconf 83' lang='lat' dir='ltr'>Frobenius‚</span> <span class='ocrx_word' id='word_1_11' title='bbox 1065 1037 1172 1101; x_wconf 74' lang='lat' dir='ltr'>neni·</span> 
     </span>
     <span class='ocr_line' id='line_1_3' title="bbox 147 1133 1171 1222; baseline -0.002 -20"><span class='ocrx_word' id='word_1_12' title='bbox 147 1137 289 1202; x_wconf 83' lang='lat' dir='ltr'>triclinus</span> <span class='ocrx_word' id='word_1_13' title='bbox 309 1135 462 1219; x_wconf 75' lang='lat' dir='ltr'><strong>Episcopi</strong></span> <span class='ocrx_word' id='word_1_14' title='bbox 484 1133 704 1214; x_wconf 65' lang='lat' dir='ltr'><strong>obnitebatur,</strong></span> <span class='ocrx_word' id='word_1_15' title='bbox 722 1156 830 1222; x_wconf 78' lang='lat' dir='ltr'>neque</span> <span class='ocrx_word' id='word_1_16' title='bbox 842 1135 1171 1218; x_wconf 69' lang='lat' dir='ltr'>id&#39;irtutniortesu,</span> 
     </span>
     <span class='ocr_line' id='line_1_4' title="bbox 142 1236 653 1329; baseline -0.006 -25"><span class='ocrx_word' id='word_1_17' title='bbox 142 1240 240 1329; x_wconf 79' lang='lat' dir='ltr'>quod</span> <span class='ocrx_word' id='word_1_18' title='bbox 256 1238 348 1302; x_wconf 80' lang='lat' dir='ltr'>ieciie</span> <span class='ocrx_word' id='word_1_19' title='bbox 366 1236 519 1321; x_wconf 74' lang='lat' dir='ltr'>mopiceri</span> <span class='ocrx_word' id='word_1_20' title='bbox 538 1247 653 1321; x_wconf 82' lang='lat' dir='ltr'>potest.</span> 
     </span>
    </p>

    <p class='ocr_par' dir='ltr' id='par_1_3' title="bbox 136 1335 1170 1508">
     <span class='ocr_line' id='line_1_5' title="bbox 136 1335 1170 1427; baseline 0.001 -23"><span class='ocrx_word' id='word_1_21' title='bbox 136 1338 165 1379; x_wconf 82' lang='lat'>·&#39;</span> <span class='ocrx_word' id='word_1_22' title='bbox 224 1342 419 1405; x_wconf 70' lang='lat' dir='ltr'>Erasmus.</span> <span class='ocrx_word' id='word_1_23' title='bbox 456 1339 521 1404; x_wconf 82' lang='lat' dir='ltr'>Sed</span> <span class='ocrx_word' id='word_1_24' title='bbox 547 1339 637 1425; x_wconf 87' lang='lat' dir='ltr'>quod</span> <span class='ocrx_word' id='word_1_25' title='bbox 666 1335 742 1427; x_wconf 78' lang='lat' dir='ltr'>inde</span> <span class='ocrx_word' id='word_1_26' title='bbox 771 1348 946 1404; x_wconf 75' lang='lat' dir='ltr'>metuerem</span> <span class='ocrx_word' id='word_1_27' title='bbox 970 1337 1170 1405; x_wconf 65' lang='lat' dir='ltr'>invidiam·</span> 
     </span>
     <span class='ocr_line' id='line_1_6' title="bbox 147 1434 413 1508; baseline -0.011 -1"><span class='ocrx_word' id='word_1_28' title='bbox 147 1434 413 1508; x_wconf 78' lang='lat' dir='ltr'>Romanensibus.</span> 
     </span>
    </p>

    <p class='ocr_par' dir='ltr' id='par_1_4' title="bbox 136 1538 1170 1726">
     <span class='ocr_line' id='line_1_7' title="bbox 136 1538 1170 1625; baseline -0.004 -19"><span class='ocrx_word' id='word_1_29' title='bbox 136 1576 142 1588; x_wconf 89' lang='lat'><strong>·</strong></span> <span class='ocrx_word' id='word_1_30' title='bbox 236 1543 344 1606; x_wconf 83' lang='lat' dir='ltr'>Otto.</span> <span class='ocrx_word' id='word_1_31' title='bbox 381 1542 491 1625; x_wconf 83' lang='lat' dir='ltr'>Atque</span> <span class='ocrx_word' id='word_1_32' title='bbox 507 1538 571 1604; x_wconf 81' lang='lat' dir='ltr'>itoc</span> <span class='ocrx_word' id='word_1_33' title='bbox 588 1546 692 1603; x_wconf 79' lang='lat' dir='ltr'>nmen</span> <span class='ocrx_word' id='word_1_34' title='bbox 710 1549 759 1602; x_wconf 81' lang='lat' dir='ltr'>est</span> <span class='ocrx_word' id='word_1_35' title='bbox 778 1538 868 1623; x_wconf 86' lang='lat' dir='ltr'>quod</span> <span class='ocrx_word' id='word_1_36' title='bbox 887 1539 1046 1624; x_wconf 84' lang='lat' dir='ltr'>queritur,</span> <span class='ocrx_word' id='word_1_37' title='bbox 1075 1538 1170 1604; x_wconf 86' lang='lat' dir='ltr'>inex·</span> 
     </span>
     <span class='ocr_line' id='line_1_8' title="bbox 146 1637 1168 1726; baseline 0.001 -21"><span class='ocrx_word' id='word_1_38' title='bbox 146 1641 255 1726; x_wconf 84' lang='lat' dir='ltr'>piebili</span> <span class='ocrx_word' id='word_1_39' title='bbox 288 1641 378 1704; x_wconf 78' lang='lat' dir='ltr'>fame</span> <span class='ocrx_word' id='word_1_40' title='bbox 417 1637 469 1704; x_wconf 82' lang='lat' dir='ltr'>siti</span> <span class='ocrx_word' id='word_1_41' title='bbox 497 1638 688 1716; x_wconf 61' lang='lat' dir='ltr'>incantatum</span> <span class='ocrx_word' id='word_1_42' title='bbox 722 1651 773 1716; x_wconf 89' lang='lat' dir='ltr'>te,</span> <span class='ocrx_word' id='word_1_43' title='bbox 811 1648 844 1703; x_wconf 90' lang='lat' dir='ltr'>et</span> <span class='ocrx_word' id='word_1_44' title='bbox 875 1642 964 1722; x_wconf 89' lang='lat' dir='ltr'>quod</span> <span class='ocrx_word' id='word_1_45' title='bbox 993 1639 1168 1721; x_wconf 87' lang='lat' dir='ltr'>impiorum</span> 
     </span>
    </p>
   </div>
   <div class='ocr_carea' id='block_1_3' title="bbox 20 1730 1169 1825">
    <p class='ocr_par' dir='ltr' id='par_1_5' title="bbox 20 1730 1169 1825">
     <span class='ocr_line' id='line_1_9' title="bbox 20 1730 1169 1825; baseline -0.002 -16"><span class='ocrx_word' id='word_1_46' title='bbox 20 1741 23 1745; x_wconf 70' lang='grc'><strong>’</strong></span> <span class='ocrx_word' id='word_1_47' title='bbox 48 1740 51 1747; x_wconf 70' lang='grc'><strong>’</strong></span> <span class='ocrx_word' id='word_1_48' title='bbox 147 1730 247 1808; x_wconf 77' lang='lat' dir='ltr'>mines</span> <span class='ocrx_word' id='word_1_49' title='bbox 266 1744 337 1824; x_wconf 82' lang='lat' dir='ltr'>ptus</span> <span class='ocrx_word' id='word_1_50' title='bbox 355 1739 454 1819; x_wconf 77' lang='lat' dir='ltr'>iscis,</span> <span class='ocrx_word' id='word_1_51' title='bbox 474 1760 569 1825; x_wconf 81' lang='lat' dir='ltr'>quem</span> <span class='ocrx_word' id='word_1_52' title='bbox 590 1737 722 1824; x_wconf 68' lang='lat' dir='ltr'>giemum</span> <span class='ocrx_word' id='word_1_53' title='bbox 746 1738 875 1804; x_wconf 78' lang='lat' dir='ltr'>Christi.</span> <span class='ocrx_word' id='word_1_54' title='bbox 910 1741 974 1804; x_wconf 85' lang='lat' dir='ltr'>Hic</span> <span class='ocrx_word' id='word_1_55' title='bbox 992 1751 1078 1804; x_wconf 86' lang='lat' dir='ltr'>certe</span> <span class='ocrx_word' id='word_1_56' title='bbox 1097 1762 1169 1807; x_wconf 84' lang='lat' dir='ltr'>rem</span> 
     </span>
    </p>
   </div>
   <div class='ocr_carea' id='block_1_4' title="bbox 74 1840 1172 4428">
    <p class='ocr_par' dir='ltr' id='par_1_6' title="bbox 147 1840 855 1925">
     <span class='ocr_line' id='line_1_10' title="bbox 147 1840 855 1925; baseline -0.003 -17"><span class='ocrx_word' id='word_1_57' title='bbox 147 1863 208 1908; x_wconf 74' lang='lat' dir='ltr'>ocu</span> <span class='ocrx_word' id='word_1_58' title='bbox 226 1840 383 1925; x_wconf 76' lang='lat' dir='ltr'>tetigisti·</span> <span class='ocrx_word' id='word_1_59' title='bbox 854 1883 855 1887; x_wconf 61' lang='lat'><em>=</em></span> 
     </span>
    </p>

    <p class='ocr_par' dir='ltr' id='par_1_7' title="bbox 144 1934 1171 2224">
     <span class='ocr_line' id='line_1_11' title="bbox 144 1934 1170 2024; baseline 0.001 -18"><span class='ocrx_word' id='word_1_60' title='bbox 144 1986 147 1992; x_wconf 90' lang='lat'><em>-</em></span> <span class='ocrx_word' id='word_1_61' title='bbox 223 1945 421 2007; x_wconf 76' lang='lat' dir='ltr'>Erasmus.</span> <span class='ocrx_word' id='word_1_62' title='bbox 459 1940 506 2005; x_wconf 80' lang='lat' dir='ltr'>Ite</span> <span class='ocrx_word' id='word_1_63' title='bbox 528 1960 613 2004; x_wconf 87' lang='lat' dir='ltr'>nunc</span> <span class='ocrx_word' id='word_1_64' title='bbox 632 1957 764 2024; x_wconf 85' lang='lat' dir='ltr'>qnoque</span> <span class='ocrx_word' id='word_1_65' title='bbox 782 1934 865 2004; x_wconf 84' lang='lat' dir='ltr'>inter</span> <span class='ocrx_word' id='word_1_66' title='bbox 883 1961 1015 2023; x_wconf 75' lang='lat' dir='ltr'>magnos</span> <span class='ocrx_word' id='word_1_67' title='bbox 1034 1942 1170 2008; x_wconf 82' lang='lat' dir='ltr'>habere-</span> 
     </span>
     <span class='ocr_line' id='line_1_12' title="bbox 148 2039 1171 2127; baseline -0.002 -17"><span class='ocrx_word' id='word_1_68' title='bbox 148 2056 200 2110; x_wconf 85' lang='lat' dir='ltr'>tur</span> <span class='ocrx_word' id='word_1_69' title='bbox 220 2043 378 2127; x_wconf 79' lang='lat' dir='ltr'>gratiosus</span> <span class='ocrx_word' id='word_1_70' title='bbox 397 2043 572 2120; x_wconf 85' lang='lat' dir='ltr'>Hnttenus,</span> <span class='ocrx_word' id='word_1_71' title='bbox 603 2049 775 2123; x_wconf 84' lang='lat' dir='ltr'>possetque</span> <span class='ocrx_word' id='word_1_72' title='bbox 793 2039 833 2104; x_wconf 80' lang='lat' dir='ltr'>eb</span> <span class='ocrx_word' id='word_1_73' title='bbox 854 2039 1001 2105; x_wconf 84' lang='lat' dir='ltr'>omnibus</span> <span class='ocrx_word' id='word_1_74' title='bbox 1021 2043 1099 2106; x_wconf 83' lang='lat' dir='ltr'>citre</span> <span class='ocrx_word' id='word_1_75' title='bbox 1119 2043 1171 2108; x_wconf 87' lang='lat' dir='ltr'>in-</span> 
     </span>
     <span class='ocr_line' id='line_1_13' title="bbox 147 2143 537 2224; baseline -0.015 -14"><span class='ocrx_word' id='word_1_76' title='bbox 147 2144 266 2212; x_wconf 80' lang='lat' dir='ltr'>vidiam</span> <span class='ocrx_word' id='word_1_77' title='bbox 285 2144 381 2208; x_wconf 79' lang='lat' dir='ltr'>emori</span> <span class='ocrx_word' id='word_1_78' title='bbox 400 2143 537 2224; x_wconf 81' lang='lat' dir='ltr'>colique.</span> 
     </span>
    </p>

    <p class='ocr_par' dir='ltr' id='par_1_8' title="bbox 142 2240 1170 2816">
     <span class='ocr_line' id='line_1_14' title="bbox 225 2240 1170 2326; baseline 0.002 -18"><span class='ocrx_word' id='word_1_79' title='bbox 225 2247 335 2309; x_wconf 81' lang='lat' dir='ltr'>Otto.</span> <span class='ocrx_word' id='word_1_80' title='bbox 371 2242 424 2308; x_wconf 83' lang='lat' dir='ltr'>Ad</span> <span class='ocrx_word' id='word_1_81' title='bbox 453 2242 533 2326; x_wconf 83' lang='lat' dir='ltr'>quid</span> <span class='ocrx_word' id='word_1_82' title='bbox 561 2260 660 2318; x_wconf 83' lang='lat' dir='ltr'>vero,</span> <span class='ocrx_word' id='word_1_83' title='bbox 690 2259 786 2324; x_wconf 71' lang='grc' dir='ltr'><strong>φιοιι</strong></span> <span class='ocrx_word' id='word_1_84' title='bbox 804 2240 844 2304; x_wconf 81' lang='lat' dir='ltr'>ed</span> <span class='ocrx_word' id='word_1_85' title='bbox 867 2240 1021 2324; x_wconf 80' lang='lat' dir='ltr'>mojorem</span> <span class='ocrx_word' id='word_1_86' title='bbox 1040 2245 1170 2310; x_wconf 73' lang='lat' dir='ltr'>demni-</span> 
     </span>
     <span class='ocr_line' id='line_1_15' title="bbox 147 2340 1169 2425; baseline 0.003 -17"><span class='ocrx_word' id='word_1_87' title='bbox 147 2346 283 2408; x_wconf 85' lang='lat' dir='ltr'>tionem!</span> <span class='ocrx_word' id='word_1_88' title='bbox 317 2345 375 2405; x_wconf 82' lang='lat' dir='ltr'>Vse</span> <span class='ocrx_word' id='word_1_89' title='bbox 402 2342 502 2419; x_wconf 87' lang='lat' dir='ltr'>enim,</span> <span class='ocrx_word' id='word_1_90' title='bbox 526 2341 647 2425; x_wconf 87' lang='lat' dir='ltr'>inquit,</span> <span class='ocrx_word' id='word_1_91' title='bbox 672 2360 745 2402; x_wconf 88' lang='lat' dir='ltr'>cum</span> <span class='ocrx_word' id='word_1_92' title='bbox 762 2340 958 2405; x_wconf 70' lang='lat' dir='ltr'>laudaverint</span> <span class='ocrx_word' id='word_1_93' title='bbox 974 2363 1035 2407; x_wconf 82' lang='lat' dir='ltr'>vos</span> <span class='ocrx_word' id='word_1_94' title='bbox 1055 2365 1169 2411; x_wconf 75' lang='lat' dir='ltr'>omnes</span> 
     </span>
     <span class='ocr_line' id='line_1_16' title="bbox 148 2438 1169 2528; baseline -0.006 -22"><span class='ocrx_word' id='word_1_95' title='bbox 148 2442 308 2520; x_wconf 87' lang='lat' dir='ltr'>homines,</span> <span class='ocrx_word' id='word_1_96' title='bbox 338 2442 513 2505; x_wconf 88' lang='lat' dir='ltr'>secundum</span> <span class='ocrx_word' id='word_1_97' title='bbox 542 2443 603 2504; x_wconf 88' lang='lat' dir='ltr'>hoc</span> <span class='ocrx_word' id='word_1_98' title='bbox 621 2439 706 2502; x_wconf 88' lang='lat' dir='ltr'>enim</span> <span class='ocrx_word' id='word_1_99' title='bbox 728 2438 885 2504; x_wconf 75' lang='lat' dir='ltr'>faciebant</span> <span class='ocrx_word' id='word_1_100' title='bbox 904 2445 1169 2528; x_wconf 75' lang='lat' dir='ltr'>pseudoprophe-</span> 
     </span>
     <span class='ocr_line' id='line_1_17' title="bbox 142 2538 1170 2625; baseline 0.004 -18"><span class='ocrx_word' id='word_1_101' title='bbox 142 2544 188 2607; x_wconf 82' lang='lat' dir='ltr'>tis</span> <span class='ocrx_word' id='word_1_102' title='bbox 216 2554 319 2625; x_wconf 84' lang='lat' dir='ltr'>putres</span> <span class='ocrx_word' id='word_1_103' title='bbox 338 2544 472 2604; x_wconf 82' lang='lat' dir='ltr'>eorum!</span> <span class='ocrx_word' id='word_1_104' title='bbox 515 2542 673 2603; x_wconf 78' lang='lat' dir='ltr'>Pretereu</span> <span class='ocrx_word' id='word_1_105' title='bbox 698 2538 754 2623; x_wconf 87' lang='lat' dir='ltr'>qui</span> <span class='ocrx_word' id='word_1_106' title='bbox 784 2540 830 2602; x_wconf 90' lang='lat' dir='ltr'>sic</span> <span class='ocrx_word' id='word_1_107' title='bbox 856 2542 933 2604; x_wconf 83' lang='lat' dir='ltr'>velit</span> <span class='ocrx_word' id='word_1_108' title='bbox 959 2544 998 2604; x_wconf 79' lang='lat' dir='ltr'>ab</span> <span class='ocrx_word' id='word_1_109' title='bbox 1018 2548 1170 2611; x_wconf 84' lang='lat' dir='ltr'>omnibus</span> 
     </span>
     <span class='ocr_line' id='line_1_18' title="bbox 149 2640 1167 2728; baseline 0.001 -19"><span class='ocrx_word' id='word_1_110' title='bbox 149 2645 262 2722; x_wconf 79' lang='lat' dir='ltr'>amari,</span> <span class='ocrx_word' id='word_1_111' title='bbox 293 2654 346 2708; x_wconf 83' lang='lat' dir='ltr'>aut</span> <span class='ocrx_word' id='word_1_112' title='bbox 372 2642 533 2706; x_wconf 77' lang='lat' dir='ltr'>simulator</span> <span class='ocrx_word' id='word_1_113' title='bbox 557 2640 670 2705; x_wconf 85' lang='lat' dir='ltr'>existet</span> <span class='ocrx_word' id='word_1_114' title='bbox 696 2659 826 2704; x_wconf 76' lang='lat' dir='ltr'>necesse</span> <span class='ocrx_word' id='word_1_115' title='bbox 855 2653 917 2719; x_wconf 89' lang='lat' dir='ltr'>est,</span> <span class='ocrx_word' id='word_1_116' title='bbox 944 2656 998 2707; x_wconf 84' lang='lat' dir='ltr'>eut</span> <span class='ocrx_word' id='word_1_117' title='bbox 1029 2644 1167 2728; x_wconf 82' lang='lat' dir='ltr'>insignis</span> 
     </span>
     <span class='ocr_line' id='line_1_19' title="bbox 148 2744 277 2816; baseline -0.031 0"><span class='ocrx_word' id='word_1_118' title='bbox 148 2744 277 2816; x_wconf 82' lang='lat' dir='ltr'>nebulo.</span> 
     </span>
    </p>

    <p class='ocr_par' dir='ltr' id='par_1_9' title="bbox 141 2839 1172 3035">
     <span class='ocr_line' id='line_1_20' title="bbox 224 2839 1172 2926; baseline 0.003 -14"><span class='ocrx_word' id='word_1_119' title='bbox 224 2851 424 2914; x_wconf 82' lang='lat' dir='ltr'>Erasmus.</span> <span class='ocrx_word' id='word_1_120' title='bbox 461 2843 575 2920; x_wconf 77' lang='lat' dir='ltr'>Dices,</span> <span class='ocrx_word' id='word_1_121' title='bbox 608 2839 749 2926; x_wconf 85' lang='lat' dir='ltr'>equitem</span> <span class='ocrx_word' id='word_1_122' title='bbox 773 2861 842 2904; x_wconf 88' lang='lat' dir='ltr'>esse</span> <span class='ocrx_word' id='word_1_123' title='bbox 872 2853 997 2922; x_wconf 83' lang='lat' dir='ltr'>netum,</span> <span class='ocrx_word' id='word_1_124' title='bbox 1031 2867 1099 2913; x_wconf 89' lang='lat' dir='ltr'>non</span> <span class='ocrx_word' id='word_1_125' title='bbox 1126 2850 1172 2916; x_wconf 83' lang='lat' dir='ltr'>ed</span> 
     </span>
     <span class='ocr_line' id='line_1_21' title="bbox 141 2942 787 3035; baseline -0.014 -21"><span class='ocrx_word' id='word_1_126' title='bbox 141 2949 372 3035; x_wconf 82' lang='lat' dir='ltr'>equitandum,</span> <span class='ocrx_word' id='word_1_127' title='bbox 391 2946 449 3009; x_wconf 88' lang='lat' dir='ltr'>sed</span> <span class='ocrx_word' id='word_1_128' title='bbox 462 2946 508 3011; x_wconf 74' lang='lat' dir='ltr'>,ed</span> <span class='ocrx_word' id='word_1_129' title='bbox 527 2942 787 3006; x_wconf 79' lang='lat' dir='ltr'>calumniandum.</span> 
     </span>
    </p>

    <p class='ocr_par' dir='ltr' id='par_1_10' title="bbox 141 3042 1170 3838">
     <span class='ocr_line' id='line_1_22' title="bbox 225 3042 1170 3130; baseline 0.003 -17"><span class='ocrx_word' id='word_1_130' title='bbox 225 3051 331 3113; x_wconf 86' lang='lat' dir='ltr'>Otto.</span> <span class='ocrx_word' id='word_1_131' title='bbox 369 3046 458 3130; x_wconf 82' lang='lat' dir='ltr'>Quid</span> <span class='ocrx_word' id='word_1_132' title='bbox 477 3067 572 3122; x_wconf 83' lang='lat' dir='ltr'>vero,</span> <span class='ocrx_word' id='word_1_133' title='bbox 596 3044 623 3106; x_wconf 93' lang='lat' dir='ltr'>si</span> <span class='ocrx_word' id='word_1_134' title='bbox 642 3042 683 3104; x_wconf 84' lang='lat' dir='ltr'>ed</span> <span class='ocrx_word' id='word_1_135' title='bbox 701 3053 871 3127; x_wconf 87' lang='lat' dir='ltr'>utrumque</span> <span class='ocrx_word' id='word_1_136' title='bbox 887 3055 977 3110; x_wconf 77' lang='lat' dir='ltr'>natus</span> <span class='ocrx_word' id='word_1_137' title='bbox 996 3048 1052 3125; x_wconf 88' lang='lat' dir='ltr'>sit,</span> <span class='ocrx_word' id='word_1_138' title='bbox 1072 3060 1107 3113; x_wconf 86' lang='lat' dir='ltr'>et</span> <span class='ocrx_word' id='word_1_139' title='bbox 1124 3052 1170 3116; x_wconf 79' lang='lat' dir='ltr'>ed</span> 
     </span>
     <span class='ocr_line' id='line_1_23' title="bbox 149 3141 1170 3231; baseline 0.007 -22"><span class='ocrx_word' id='word_1_140' title='bbox 149 3147 355 3229; x_wconf 83' lang='lat' dir='ltr'>equitandum</span> <span class='ocrx_word' id='word_1_141' title='bbox 367 3141 409 3208; x_wconf 80' lang='lat' dir='ltr'>-et</span> <span class='ocrx_word' id='word_1_142' title='bbox 427 3148 468 3208; x_wconf 80' lang='lat' dir='ltr'>ad</span> <span class='ocrx_word' id='word_1_143' title='bbox 486 3147 715 3227; x_wconf 79' lang='lat' dir='ltr'>reprobandam</span> <span class='ocrx_word' id='word_1_144' title='bbox 733 3163 858 3208; x_wconf 89' lang='lat' dir='ltr'>omnem</span> <span class='ocrx_word' id='word_1_145' title='bbox 879 3146 1115 3231; x_wconf 79' lang='lat' dir='ltr'>celsitudinem,</span> <span class='ocrx_word' id='word_1_146' title='bbox 1133 3166 1170 3219; x_wconf 79' lang='lat' dir='ltr'>et</span> 
     </span>
     <span class='ocr_line' id='line_1_24' title="bbox 150 3247 1168 3331; baseline 0.008 -19"><span class='ocrx_word' id='word_1_147' title='bbox 150 3267 261 3312; x_wconf 87' lang='lat' dir='ltr'>omnes</span> <span class='ocrx_word' id='word_1_148' title='bbox 280 3247 470 3311; x_wconf 82' lang='lat' dir='ltr'>munitiones</span> <span class='ocrx_word' id='word_1_149' title='bbox 490 3260 523 3310; x_wconf 90' lang='lat' dir='ltr'>et</span> <span class='ocrx_word' id='word_1_150' title='bbox 541 3247 687 3328; x_wconf 82' lang='lat' dir='ltr'>consilia,</span> <span class='ocrx_word' id='word_1_151' title='bbox 713 3268 783 3331; x_wconf 76' lang='lat' dir='ltr'>que</span> <span class='ocrx_word' id='word_1_152' title='bbox 801 3249 995 3311; x_wconf 81' lang='lat' dir='ltr'>extolluntur</span> <span class='ocrx_word' id='word_1_153' title='bbox 1014 3253 1168 3320; x_wconf 83' lang='lat' dir='ltr'>adversus</span> 
     </span>
     <span class='ocr_line' id='line_1_25' title="bbox 151 3347 1167 3436; baseline 0.004 -23"><span class='ocrx_word' id='word_1_154' title='bbox 151 3347 313 3413; x_wconf 83' lang='lat' dir='ltr'>scientium</span> <span class='ocrx_word' id='word_1_155' title='bbox 332 3347 422 3410; x_wconf 83' lang='lat' dir='ltr'>Dei?</span> <span class='ocrx_word' id='word_1_156' title='bbox 452 3349 514 3411; x_wconf 89' lang='lat' dir='ltr'>Sed</span> <span class='ocrx_word' id='word_1_157' title='bbox 534 3369 591 3412; x_wconf 89' lang='lat' dir='ltr'>cur</span> <span class='ocrx_word' id='word_1_158' title='bbox 607 3360 644 3410; x_wconf 86' lang='lat' dir='ltr'>tu</span> <span class='ocrx_word' id='word_1_159' title='bbox 661 3373 793 3436; x_wconf 87' lang='lat' dir='ltr'>quoque</span> <span class='ocrx_word' id='word_1_160' title='bbox 812 3351 998 3433; x_wconf 83' lang='lat' dir='ltr'>Theologus</span> <span class='ocrx_word' id='word_1_161' title='bbox 1018 3373 1090 3414; x_wconf 89' lang='lat' dir='ltr'>cum</span> <span class='ocrx_word' id='word_1_162' title='bbox 1109 3354 1167 3434; x_wconf 88' lang='lat' dir='ltr'>sis,</span> 
     </span>
     <span class='ocr_line' id='line_1_26' title="bbox 141 3448 1167 3536; baseline 0.005 -22"><span class='ocrx_word' id='word_1_163' title='bbox 141 3448 287 3514; x_wconf 60' lang='lat' dir='ltr'>uicissim</span> <span class='ocrx_word' id='word_1_164' title='bbox 313 3451 433 3512; x_wconf 80' lang='lat' dir='ltr'>retulies</span> <span class='ocrx_word' id='word_1_165' title='bbox 460 3449 624 3528; x_wconf 82' lang='lat' dir='ltr'>injuriam,</span> <span class='ocrx_word' id='word_1_166' title='bbox 654 3453 791 3516; x_wconf 82' lang='lat' dir='ltr'>vicissim</span> <span class='ocrx_word' id='word_1_167' title='bbox 812 3451 896 3513; x_wconf 83' lang='lat' dir='ltr'>laedis</span> <span class='ocrx_word' id='word_1_168' title='bbox 916 3449 1026 3526; x_wconf 79' lang='lat' dir='ltr'>etiam,</span> <span class='ocrx_word' id='word_1_169' title='bbox 1053 3456 1167 3536; x_wconf 86' lang='lat' dir='ltr'>quite</span> 
     </span>
     <span class='ocr_line' id='line_1_27' title="bbox 150 3551 1168 3636; baseline 0.002 -18"><span class='ocrx_word' id='word_1_170' title='bbox 150 3574 216 3618; x_wconf 89' lang='lat' dir='ltr'>non</span> <span class='ocrx_word' id='word_1_171' title='bbox 235 3552 398 3626; x_wconf 75' lang='lat' dir='ltr'>inserunt3</span> <span class='ocrx_word' id='word_1_172' title='bbox 417 3562 454 3613; x_wconf 91' lang='lat' dir='ltr'>ut</span> <span class='ocrx_word' id='word_1_173' title='bbox 471 3551 591 3616; x_wconf 84' lang='lat' dir='ltr'>diceret</span> <span class='ocrx_word' id='word_1_174' title='bbox 610 3553 741 3636; x_wconf 84' lang='lat' dir='ltr'>aliquis:</span> <span class='ocrx_word' id='word_1_175' title='bbox 771 3564 877 3615; x_wconf 82' lang='lat' dir='ltr'>natum</span> <span class='ocrx_word' id='word_1_176' title='bbox 896 3572 967 3615; x_wconf 89' lang='lat' dir='ltr'>esse</span> <span class='ocrx_word' id='word_1_177' title='bbox 986 3564 1017 3613; x_wconf 89' lang='lat' dir='ltr'>te</span> <span class='ocrx_word' id='word_1_178' title='bbox 1036 3574 1103 3616; x_wconf 89' lang='lat' dir='ltr'>non</span> <span class='ocrx_word' id='word_1_179' title='bbox 1124 3558 1168 3620; x_wconf 81' lang='lat' dir='ltr'>ed</span> 
     </span>
     <span class='ocr_line' id='line_1_28' title="bbox 142 3652 1167 3735; baseline 0.002 -16"><span class='ocrx_word' id='word_1_180' title='bbox 142 3652 449 3734; x_wconf 79' lang='lat' dir='ltr'>evangelizandum,</span> <span class='ocrx_word' id='word_1_181' title='bbox 477 3653 533 3714; x_wconf 88' lang='lat' dir='ltr'>sed</span> <span class='ocrx_word' id='word_1_182' title='bbox 554 3655 594 3714; x_wconf 85' lang='lat' dir='ltr'>sd</span> <span class='ocrx_word' id='word_1_183' title='bbox 612 3655 924 3734; x_wconf 84' lang='lat' dir='ltr'>floccipendendum,</span> <span class='ocrx_word' id='word_1_184' title='bbox 944 3654 1167 3735; x_wconf 86' lang='lat' dir='ltr'>deridendum,</span> 
     </span>
     <span class='ocr_line' id='line_1_29' title="bbox 151 3746 748 3838; baseline 0 -21"><span class='ocrx_word' id='word_1_185' title='bbox 151 3746 407 3838; x_wconf 81' lang='lat' dir='ltr'>exprobrandum</span> <span class='ocrx_word' id='word_1_186' title='bbox 425 3762 457 3815; x_wconf 88' lang='lat' dir='ltr'>et</span> <span class='ocrx_word' id='word_1_187' title='bbox 475 3752 748 3817; x_wconf 76' lang='lat' dir='ltr'>calumniandum?</span> 
     </span>
    </p>

    <p class='ocr_par' dir='ltr' id='par_1_11' title="bbox 148 3853 1169 4042">
     <span class='ocr_line' id='line_1_30' title="bbox 225 3853 1169 3943; baseline -0.003 -27"><span class='ocrx_word' id='word_1_188' title='bbox 225 3856 422 3917; x_wconf 78' lang='lat' dir='ltr'>Erasmus.</span> <span class='ocrx_word' id='word_1_189' title='bbox 459 3853 566 3937; x_wconf 70' lang='lat' dir='ltr'>Atque</span> <span class='ocrx_word' id='word_1_190' title='bbox 585 3853 709 3918; x_wconf 84' lang='lat' dir='ltr'>interim</span> <span class='ocrx_word' id='word_1_191' title='bbox 728 3855 837 3919; x_wconf 84' lang='lat' dir='ltr'>deme</span> <span class='ocrx_word' id='word_1_192' title='bbox 855 3854 1031 3920; x_wconf 86' lang='lat' dir='ltr'>honorifice</span> <span class='ocrx_word' id='word_1_193' title='bbox 1052 3859 1169 3943; x_wconf 86' lang='lat' dir='ltr'>ioque.</span> 
     </span>
     <span class='ocr_line' id='line_1_31' title="bbox 148 3954 1064 4042; baseline 0 -25"><span class='ocrx_word' id='word_1_194' title='bbox 148 3954 253 4042; x_wconf 58' lang='lat' dir='ltr'>putus.</span> <span class='ocrx_word' id='word_1_195' title='bbox 442 3967 447 3982; x_wconf 80' lang='grc'><em>’</em></span> <span class='ocrx_word' id='word_1_196' title='bbox 1060 3982 1064 3991; x_wconf 94' lang='grc'><em>·</em></span> 
     </span>
    </p>

    <p class='ocr_par' dir='ltr' id='par_1_12' title="bbox 74 4054 1169 4337">
     <span class='ocr_line' id='line_1_32' title="bbox 226 4054 1168 4140; baseline 0.005 -21"><span class='ocrx_word' id='word_1_197' title='bbox 226 4054 333 4119; x_wconf 89' lang='lat' dir='ltr'>Otto.</span> <span class='ocrx_word' id='word_1_198' title='bbox 370 4055 439 4119; x_wconf 88' lang='lat' dir='ltr'>lnio</span> <span class='ocrx_word' id='word_1_199' title='bbox 469 4056 686 4119; x_wconf 75' lang='lat' dir='ltr'>honestissime</span> <span class='ocrx_word' id='word_1_200' title='bbox 715 4066 748 4118; x_wconf 89' lang='lat' dir='ltr'>et</span> <span class='ocrx_word' id='word_1_201' title='bbox 772 4055 1000 4120; x_wconf 85' lang='lat' dir='ltr'>modestissime</span> <span class='ocrx_word' id='word_1_202' title='bbox 1028 4078 1168 4140; x_wconf 84' lang='lat' dir='ltr'>semper,</span> 
     </span>
     <span class='ocr_line' id='line_1_33' title="bbox 74 4147 1169 4242; baseline 0.007 -25"><span class='ocrx_word' id='word_1_203' title='bbox 74 4147 75 4150; x_wconf 27' lang='lat'>¹</span> <span class='ocrx_word' id='word_1_204' title='bbox 151 4155 196 4218; x_wconf 82' lang='lat' dir='ltr'>sic</span> <span class='ocrx_word' id='word_1_205' title='bbox 215 4166 336 4231; x_wconf 80' lang='lat' dir='ltr'>tamen,</span> <span class='ocrx_word' id='word_1_206' title='bbox 368 4167 404 4217; x_wconf 90' lang='lat' dir='ltr'>ut</span> <span class='ocrx_word' id='word_1_207' title='bbox 429 4176 553 4237; x_wconf 87' lang='lat' dir='ltr'>semper</span> <span class='ocrx_word' id='word_1_208' title='bbox 581 4158 807 4222; x_wconf 83' lang='lat' dir='ltr'>desideraverit</span> <span class='ocrx_word' id='word_1_209' title='bbox 837 4158 921 4222; x_wconf 85' lang='lat' dir='ltr'>inte</span> <span class='ocrx_word' id='word_1_210' title='bbox 941 4147 1061 4242; x_wconf 55' lang='lat' dir='ltr'>sequius</span> <span class='ocrx_word' id='word_1_211' title='bbox 1081 4158 1169 4242; x_wconf 82' lang='lat' dir='ltr'>judi-</span> 
     </span>
     <span class='ocr_line' id='line_1_34' title="bbox 152 4255 1099 4337; baseline 0.003 -17"><span class='ocrx_word' id='word_1_212' title='bbox 152 4256 234 4320; x_wconf 89' lang='lat' dir='ltr'>cium</span> <span class='ocrx_word' id='word_1_213' title='bbox 253 4268 285 4318; x_wconf 89' lang='lat' dir='ltr'>et</span> <span class='ocrx_word' id='word_1_214' title='bbox 304 4255 454 4337; x_wconf 78' lang='lat' dir='ltr'>mojorem</span> <span class='ocrx_word' id='word_1_215' title='bbox 473 4257 687 4322; x_wconf 79' lang='lat' dir='ltr'>constentiam.</span> <span class='ocrx_word' id='word_1_216' title='bbox 1096 4308 1099 4311; x_wconf 66' lang='lat'><em>,</em></span> 
     </span>
    </p>

    <p class='ocr_par' dir='ltr' id='par_1_13' title="bbox 187 4356 1169 4428">
     <span class='ocr_line' id='line_1_35' title="bbox 187 4356 1169 4428; baseline 0.008 -8"><span class='ocrx_word' id='word_1_217' title='bbox 187 4400 190 4405; x_wconf 93' lang='lat'>-</span> <span class='ocrx_word' id='word_1_218' title='bbox 226 4359 420 4422; x_wconf 81' lang='lat' dir='ltr'>Erasmus.</span> <span class='ocrx_word' id='word_1_219' title='bbox 458 4358 577 4423; x_wconf 85' lang='lat' dir='ltr'>Decem</span> <span class='ocrx_word' id='word_1_220' title='bbox 625 4358 731 4422; x_wconf 77' lang='lat' dir='ltr'>verbis</span> <span class='ocrx_word' id='word_1_221' title='bbox 772 4356 991 4422; x_wconf 84' lang='lat' dir='ltr'>sutisiecissem</span> <span class='ocrx_word' id='word_1_222' title='bbox 1029 4361 1169 4428; x_wconf 87' lang='lat' dir='ltr'>Hutteni</span> 
     </span>
    </p>
   </div>
   <div class='ocr_carea' id='block_1_5' title="bbox 87 4459 335 4561">
    <p class='ocr_par' dir='ltr' id='par_1_14' title="bbox 87 4459 335 4561">
     <span class='ocr_line' id='line_1_36' title="bbox 87 4459 335 4561; baseline -0.012 -36"><span class='ocrx_word' id='word_1_223' title='bbox 87 4549 94 4561; x_wconf 90' lang='lat'>.</span> <span class='ocrx_word' id='word_1_224' title='bbox 151 4459 335 4525; x_wconf 74' lang='lat' dir='ltr'>stomacho.-</span> 
     </span>
    </p>
   </div>
   <div class='ocr_carea' id='block_1_6' title="bbox 0 0 1319 5108">
    <p class='ocr_par' dir='ltr' id='par_1_15' title="bbox 0 0 1319 5108">
     <span class='ocr_line' id='line_1_37' title="bbox 0 0 1319 5108; baseline 0 0"><span class='ocrx_word' id='word_1_225' title='bbox 0 0 1319 5108; x_wconf 95' lang='lat' dir='ltr'> </span> 
     </span>
    </p>
   </div>
  </div>
 </body>
</html>
