2618 5108
636 1328 677 1397 B.

392 1516 503 1577 Helii
559 1519 726 1581 Eobani
776 1517 901 1582 Heesi

643 1683 679 1726 ad

249 1815 606 1889 Uirichum
666 1819 1066 1920 Huttenum,

142 1996 178 2047 ut
197 1984 382 2048 Christianae
402 1987 541 2048 veritatis
562 2006 687 2050 eausam
707 2001 738 2063 et
751 1991 885 2053 Lutheri
910 1993 1058 2074 injuriam
1078 1997 1171 2060 annia

196 2114 310 2165 eontra
330 2101 529 2166 Romanistes
546 2121 815 2190 prosequeretur,
842 2111 1117 2178 Exhortatoriurn.

142 2421 273 2512 Adsere
296 2477 394 2528 nune,
416 2461 580 2515 fortissime
600 2437 723 2533 Eques,¹
742 2466 915 2522 doctissime
934 2470 1041 2539 Vates,

247 2553 313 2628 Qua
335 2555 428 2609 debes
447 2556 552 2609 dextra
569 2557 705 2626 vindice,
725 2578 842 2631 qrrnque
862 2572 966 2631 potes:
1040 2584 1041 2587 ¹

140 2647 257 2701 Adsere
277 2649 487 2714 Germanum,
506 2650 627 2718 juvenis
649 2651 822 2718 Germane,
849 2654 1043 2724 Letherum,

247 2742 294 2796 Te
314 2744 389 2796 duce
409 2744 532 2798 libertas
551 2753 653 2797 nostra
671 2747 778 2798 terenda
798 2746 870 2799 fuit:

139 2834 300 2902 Libertas,
321 2836 462 2904 strigibus
481 2855 546 2908 quae
564 2854 646 2890 nunc
664 2854 808 2908 oppressa
828 2835 971 2910 Papistis,

244 2931 309 2983 Heu
330 2932 453 2984 nimium
473 2933 564 3000 longo
584 2931 676 2983 servit
696 2931 724 2984 in
744 2932 854 2986 exilio!

138 3024 241 3092 Hane,
263 3034 293 3077 tn
313 3026 387 3078 adeo
408 3025 461 3078 toti
480 3042 535 3096 per
553 3023 663 3094 scripta
681 3025 835 3078 volumina
852 3026 965 3080 mundo

245 3118 377 3193 Questus
398 3135 480 3186 eres,
500 3119 598 3188 aliquo
616 3134 677 3170 non
697 3127 842 3172 renuente
860 3118 969 3189 premi.

136 3213 271 3287 Questus
290 3230 373 3279 eras,
392 3213 532 3280 memini3
552 3212 657 3282 Superi
675 3211 814 3264 audivere
833 3221 1029 3282 querentem,
1079 3238 1082 3243 ·

242 3307 333 3361 Nulla
353 3308 405 3360 sed
426 3307 454 3360 in
473 3305 563 3359 terris
582 3304 660 3358 auris
680 3312 780 3375 aperta
802 3305 868 3359 fuit.

136 3401 303 3455 Audiernnt
321 3400 445 3470 Superi:
466 3401 599 3470 Superos
622 3398 758 3465 audisse,
777 3407 879 3468 putato
889 3418 900 3466 ;

243 3493 371 3566 Quaque
385 3493 494 3562 jubent
513 3495 569 3561 illi,
590 3493 703 3558 nitere,
722 3507 832 3562 perge,
852 3508 917 3546 rue.

136 3585 184 3640 En
205 3587 257 3640 tibi
278 3589 442 3640 laurentem
460 3587 553 3641 nectit
571 3585 698 3641 victoria
716 3586 863 3664 palmam,

240 3681 386 3736 Proxima
405 3682 441 3734 de
462 3681 583 3752 Superis
601 3680 668 3736 hac
684 3679 752 3733 Dea
769 3677 832 3732 visa
851 3676 923 3732 mihi
943 3683 998 3731 est.

139 3773 231 3828 Arina
248 3792 339 3828 manu
358 3776 520 3846 capienda,
540 3765 648 3845 quibus
670 3773 754 3825 cadat
771 3771 869 3825 hostis
889 3767 1033 3826 inaudax:

239 3869 371 3924 Praesidii
394 3869 423 3921 in
442 3869 527 3922 libris
546 3865 790 3935 carminibusque
810 3864 894 3919 nihii.

136 3961 230 4016 Arma
248 3980 338 4016 manu
358 3979 448 4033 cape,
467 3971 572 4016 noster
590 3961 692 4032 Eques
712 3959 896 4027 fortissime,
918 3966 1024 4014 necte

239 4055 367 4109 Auxiiiis
384 4072 515 4108 vacuum
534 4071 624 4127 posse
642 4071 785 4123 manere,
809 4063 889 4126 pute.

135 4148 205 4222 Qua
221 4166 253 4204 se
274 4167 392 4221 cunque
412 4150 511 4221 aliquo
530 4150 631 4221 pandit
648 4148 813 4205 Germania
830 4154 948 4213 tractu,

86 4222 92 4239 ⁰
237 4245 394 4298 Accedent
413 4243 504 4313 signis
523 4244 615 4298 miiiia
633 4244 725 4298 multa
743 4242 812 4298 tuis.

133 4336 203 4408 Ipse
223 4338 310 4392 etiem
331 4337 448 4393 invictis
467 4339 560 4392 aderit
578 4339 771 4393 Franciseus
791 4337 819 4391 in
839 4333 952 4400 armis,

237 4429 299 4486 Per
317 4449 408 4504 quern
429 4430 588 4506 asickinqa
608 4440 653 4488 est
669 4431 824 4487 nobilitata
842 4428 964 4483 domne.
