2618 5108
192 746 279 891 'tot
408 778 412 785 ’
497 803 699 880 natones
748 799 936 898 Dialogus.

208 985 291 1086 quot
306 1008 399 1074 sunt,
421 1005 650 1070 exurerentur,
670 1004 706 1056 ut
719 992 835 1054 abolito
849 992 1005 1054 scelerum
1020 989 1229 1054 instrumento

207 1103 312 1167 minus
333 1100 372 1163 ab
394 1099 540 1182 aequitate
560 1104 769 1158 avocarentur
787 1091 943 1156 homines.

617 1251 831 1313 Huttcnus.

283 1356 456 1430 Praeclare,
477 1363 513 1416 ut
531 1352 595 1427 ais,
625 1349 686 1431 ipsi
705 1373 783 1413 vero
804 1348 996 1426 formularii,
1026 1361 1059 1411 et
1077 1368 1230 1430 perverse

209 1457 381 1539 prudentes
400 1455 470 1529 isti,
491 1464 584 1536 atque
603 1451 721 1513 indocti
738 1451 840 1527 (loeti,
860 1452 892 1513 in
906 1449 1042 1513 Platonis
1063 1448 1232 1524 civitatem,

209 1568 264 1620 aut
279 1557 360 1619 illam
374 1576 477 1633 nuper
496 1553 630 1615 auditam
645 1553 793 1632 Utopiam
812 1553 1065 1631 deportarentur.
1105 1553 1230 1632 Quanta

210 1657 311 1733 enim,
328 1670 443 1740 quanta
458 1655 538 1736 proh
550 1652 689 1732 Jupiter!
710 1653 870 1732 patiuntur
883 1652 942 1714 sub
955 1651 1002 1713 his
1014 1651 1128 1732 passim
1144 1650 1232 1712 docti

209 1757 281 1820 viri.
302 1759 381 1832 Imo,
401 1754 482 1834 ipsas
495 1765 646 1837 quantum
661 1753 767 1834 affligit
780 1746 882 1815 liteias
896 1751 1034 1830 tyrannis
1049 1754 1132 1813 hacc!
1149 1751 1231 1831 Quia

209 1858 294 1920 enim
314 1840 498 1921 cruditionis
519 1854 643 1929 inanes,
666 1875 707 1915 ne
727 1863 965 1914 contemnantur
984 1851 1066 1913 inter
1088 1853 1231 1913 anulitos

208 1957 336 2034 timent,
369 1977 435 2018 non
464 1955 612 2018 desinunt
630 1952 749 2035 ubique
769 1952 917 2036 persequi
938 1955 1067 2029 doctos,
1099 1974 1136 2014 ac
1153 1953 1230 2016 illud

210 2069 382 2133 conantur,
413 2077 453 2119 ne
484 2054 554 2138 quis
585 2073 720 2135 usquam
745 2065 799 2114 aut
825 2053 953 2136 ingenio
974 2053 1141 2135 praeditus,
1176 2067 1231 2117 aut

211 2159 356 2224 doctrina
375 2159 475 2219 clarus
496 2155 562 2230 vir,
584 2156 709 2228 floreat,
735 2165 789 2215 aut
807 2171 957 2237 emergat.
995 2156 1042 2216 lta
1062 2167 1230 2236 opponunt

211 2281 265 2336 se,
296 2271 328 2320 et
346 2255 502 2319 machinas
521 2266 630 2315 contra
653 2253 816 2314 intentant.
868 2257 941 2334 Quo
961 2257 1052 2322 litut
1071 2255 1230 2319 rarissime

209 2360 315 2421 bonor
347 2356 497 2417 habeatur
525 2352 705 2415 virtutibus.
754 2353 861 2414 luania
881 2365 1000 2415 tantum
1024 2356 1152 2416 nomina
1173 2377 1231 2417 ve-

208 2458 406 2520 nerationem
425 2453 589 2536 accipiunt.
629 2453 698 2515 Jam
719 2453 801 2514 enim
820 2453 890 2514 lere
909 2476 1062 2536 nusquam
1088 2477 1230 2518 conven-

208 2568 256 2620 tus
277 2556 494 2629 celebrantur,
515 2565 567 2615 aut
586 2553 716 2614 coticilia
738 2554 872 2628 co’eunt,
902 2554 957 2615 ubi
976 2578 1041 2616 non
1063 2577 1102 2616 ex
1123 2557 1231 2618 rubri-

209 2655 300 2719 cariis
320 2656 490 2735 ampullose
511 2653 651 2714 inflatum
671 2652 848 2735 quempiam
868 2654 1060 2733 producant,
1090 2655 1145 2738 qui
1165 2657 1232 2737 pri-

131 2808 135 2815 .
209 2777 264 2820 mo
284 2755 328 2818 ibi
346 2757 419 2816 loco
438 2753 560 2828 sedeat,
585 2752 771 2815 doctissimis
793 2753 974 2837 quibusque
994 2767 1024 2816 et
1044 2755 1230 2820 melioribus

209 2857 306 2940 longe
325 2855 357 2916 in
377 2853 440 2915 imo
461 2852 732 2927 recumbentibus,
760 2853 875 2935 quibus
895 2865 1014 2930 tamon,
1035 2856 1061 2916 si
1080 2877 1144 2936 pre
1164 2868 1231 2919 stu-

208 2978 289 3040 pore
310 2953 442 3016 cerebro
471 2954 517 3014 uti
537 2967 645 3034 posset
663 2953 767 3014 fatuus
788 2952 856 3030 ille,
889 2957 954 3034 pati
980 2958 1083 3019 mallet
1110 2955 1226 3035 omnia,

210 3073 305 3140 quam
324 3054 454 3132 indigne
472 3052 517 3116 sie
536 3051 697 3114 anteferri.

592 3219 844 3284 Francisous.
919 3256 944 3296 ρ

287 3323 389 3402 Quam
425 3319 546 3402 ubique
572 3340 719 3401 pompam
745 3322 918 3401 Optimales
948 3323 1035 3386 alunt
1059 3343 1164 3400 nunc,
1197 3336 1230 3388 et

210 3423 337 3486 ductant
356 3419 425 3503 ipsi.
464 3422 578 3501 Neque
596 3421 706 3482 vident
723 3422 842 3499 miseri,
863 3445 921 3504 per
940 3424 1115 3487 nebulones
1131 3427 1229 3488 hosce

209 3525 296 3599 ficri,
326 3532 363 3584 ut
392 3521 556 3601 Principes
581 3542 646 3582 non
672 3520 733 3582 sint
753 3522 929 3605 Principes.
967 3524 1091 3586 namsi
1111 3536 1227 3602 essent,

209 3646 277 3688 uon
316 3644 335 3684 e
361 3621 479 3702 scripto
508 3633 722 3684 accerseretur
752 3623 899 3704 aequitas,
939 3625 997 3687 sed
1026 3623 1058 3685 in
1086 3625 1230 3705 ipsorum

210 3723 389 3806 prudentia,
410 3722 563 3796 bonitate,
586 3722 703 3802 justitia
716 3733 747 3784 et
759 3723 918 3785 clementia
930 3727 1023 3786 situm
1036 3737 1128 3800 essct,
1150 3724 1230 3808 quid

210 3821 263 3884 cui
282 3822 495 3898 tribueretur,
525 3843 595 3905 quac
616 3823 707 3886 bonis
727 3824 867 3902 praemia,
889 3844 984 3907 quam
1001 3825 1088 3887 malis
1107 3847 1230 3905 paenam

208 3922 353 4005 irrogare
381 3922 576 3985 conveniret.
624 3926 668 3986 At
698 3945 782 3985 nunc
816 3925 938 4006 quotics
974 3936 1112 4006 aguntur
1143 3926 1229 4006 apud

189 4014 374 4106 ¹Principes
415 4022 658 4099 controversie,
690 4024 720 4085 bi
746 4024 848 4087 statim
874 4036 1077 4086 accersuntur
1097 4026 1228 4106 Sapien-

209 4133 277 4198 tes,
314 4125 370 4207 qui
389 4122 580 4205 dijudicent3
609 4136 827 4207 occupantque
847 4122 1031 4205 Principum
1051 4127 1134 4187 aulas
1154 4126 1226 4208 ipsi,

207 4223 309 4306 ejecta
335 4224 497 4286 nobilitate
526 4225 603 4301 soli,
645 4237 676 4288 et
703 4224 886 4311 patrimonia
914 4237 1021 4286 nostra
1049 4224 1228 4305 partiuntur

207 4324 290 4388 inter
307 4344 385 4398 nos;
408 4344 513 4409 neque
534 4325 650 4387 habere
664 4326 831 4408 quicquam
848 4325 941 4388 nobis
956 4327 1042 4399 licet,
1064 4326 1122 4386 uisi
1138 4326 1227 4407 prius

209 4426 386 4488 concedant
406 4423 467 4488 isti.
518 4424 615 4490 Certe
635 4425 719 4488 enim
744 4427 791 4489 his
811 4426 991 4503 autoribus,
1025 4448 1095 4510 quac
1120 4437 1229 4490 nostra
