2618 5108
515 112 518 119 ¹
527 112 530 131 Ι

524 138 529 173 l

366 39 1254 380 m

1125 388 1129 399 ι

156 684 226 802 l92
592 722 733 796 Erasmi

157 933 245 988 eum,
274 913 336 978 nisi
354 913 482 998 quidam
502 913 594 978 etiam
608 911 718 978 'studio
738 915 915 994 curassent,·'
945 939 986 981 ne
1006 920 1172 1001 colloque·

151 1035 273 1087 remur.
322 1017 415 1077 Nunc
434 1003 614 1079 illud'certe
634 1016 707 1079 mihi
727 1020 881 1097 gratulor,
915 1021 1002 1100 quod
1021 1011 1174 1079 hactenus

157 1116 296 1190 licuerit,
317 1116 398 1178 tueri
429 1116 569 1178 veterem
590 1118 670 1179 illam
689 1138 787 1178 meam
807 1118 840 1178 in
860 1119 1082 1196 respondendo
1103 1137 1175 1177 mo-

158 1215 361 1277 derationem.
412 1217 538 1278 Etenim
564 1216 591 1278 si
619 1237 668 1278 mc
688 1219 846 1278 lluttenus
873 1218 1052 1295 repetisset,
1082 1217 1175 1297 quod

156 1314 297 1376 lacturus
319 1327 402 1392 erat,
431 1317 562 1396 opinor,
592 1316 619 1376 si
637 1316 786 1377 vixisset:
813 1318 863 1375 vel
885 1318 958 1397 qnia
983 1320 1078 1376 semel
1099 1338 1174 1394 per-

156 1417 306 1479 fricuerat
326 1439 380 1493 os,
400 1420 451 1478 vel
471 1416 544 1499 quia
563 1413 731 1477 norierant
745 1411 903 1490 delutuii‘,
919 1417 973 1497 qui
988 1405 1172 1495 plaustrum,

158 1519 246 1599 qnod
267 1515 372 1596 ajunt,
393 1517 614 1595 percellerent:
646 1515 910 1576 sensissetmeam
931 1509 1173 1593 responsionem

157 1636 233 1677 vere
262 1614 337 1676 nihil
356 1616 440 1676 aliud
464 1615 576 1689 luisse,
609 1630 702 1697 quam
730 1616 912 1695 Spongiam,
956 1617 1004 1676 Ac
1036 1637 1091 1693 per
1119 1636 1172 1676 me

113 1757 116 1762 -
157 1712 285 1797 quidem
315 1715 447 1776 Hutteni
480 1700 592 1776 Manes
625 1715 746 1792 placide
775 1715 955 1795 quiescent,
999 1716 1094 1775 modo
1129 1737 1171 1796 ne

137 1862 139 1868 .
155 1818 326 1898 posthumo
352 1815 502 1896 quopiam
521 1813 628 1875 libello
647 1801 789 1875 mortuus
810 1815 902 1885 etiam
921 1816 1081 1888 mordeat,
1108 1816 1173 1874 ant

155 1912 453 1996 eioriaturaliquis,
475 1913 530 1996 qui
545 1914 728 1994 tragediam
744 1914 948 1995 redintegret.
984 1915 1065 1976 Mihi
1080 1915 1171 1977 ride-

155 2027 208 2079 tur
226 2017 376 2078 hactenus
405 2016 475 2094 plus
507 2013 579 2074 satis
596 2013 783 2075 insanitum.
821 2014 1052 2096 Posteaquam,
1080 2017 1172 2096 quod

155 2116 272 2178 laetum
291 2125 357 2188 est,
372 2114 421 2175 ‘id
439 2113 589 2175 infectum
603 2113 677 2175 lieri
704 2134 769 2174 non
793 2125 914 2193 potest,
938 2126 1098 2194 superest,
1131 2126 1171 2178 ut

155 2219 285 2291 malurn,
308 2213 414 2296 quoad
433 2213 523 2286 lieet,
539 2212 721 2290 sepeliatur.
758 2217 800 2278 Et
824 2215 973 2295 quoniam
992 2216 1075 2276 hand
1088 2218 1171 2278 male

157 2317 335 2388 consulunt,
356 2311 412 2395 qui
431 2322 578 2384 monent,
598 2323 635 2372 ut
648 2332 689 2373 ex
703 2313 806 2388 malis,
826 2313 853 2375 si
873 2314 950 2395 qnid
971 2315 1068 2388 inest,
1089 2316 1170 2378 boni

156 2416 375 2494 decerpamus,
396 2431 458 2493 ego
471 2411 604 2488 primum
620 2433 661 2472 ex
674 2414 734 2473 hoc
750 2413 949 2475 incommodo
967 2413 1041 2475 illud
1058 2435 1170 2477 exeer·.

156 2526 226 2598 pam
246 2513 420 2576 commodi:
441 2532 497 2574 ero
518 2513 646 2590 posthac
666 2512 697 2572 in
717 2512 922 2591 suspiciendis
936 2515 1073 2577 amicitiis
1090 2537 1169 2576 con-

155 2616 285 2690 tantior',
307 2612 500 2675 incolendis
524 2610 664 2686 cautior,
685 2612 717 2673 in
737 2613 934 2691 praedicando
960 2616 1102 2694 parcior,
1134 2617 1170 2678 iu

154 2715 403 2780 commendando
417 2712 682 2790 circumspectior.
703 2714 789 2792 Quid
801 2713 882 2777 enirn
893 2727 980 2776 ¹vetat
991 2738 1057 2790 me,
1078 2715 1170 2792 juxta

156 2828 284 2882 Solonis
310 2813 434 2875 celebre
462 2812 596 2886 dictum,
631 2813 774 2894 quotidie
806 2813 1014 2876 addiscentem
1037 2814 1169 2897 aliquid,

151 2915 343 2983 senescere?
358 2916 463 2976 Porro
483 2909 631 2993 juventus
647 2913 717 2973 hinc
733 2914 893 2975 admoneri
906 2926 1027 2992 potest,
1048 2928 1081 2975 ut
1101 2936 1168 2977 non

153 3020 266 3080 minus*
279 3017 369 3080 bone
384 3015 479 3076 menti
499 3015 640 3087 studeat,
663 3035 757 3094 qnam
776 3013 867 3074 bonis
888 3014 1000 3088 literis,
1019 3027 1053 3074 ut
1066 3015 1169 3093 impo-

152 3128 255 3179 tentes
275 3115 370 3177 animi
392 3115 577 3195 cupiditates
596 3114 725 3175 rationis
744 3114 838 3174 lreno
857 3115 1049 3176 moderetur.
1088 3117 1168 3177 Nam

153 3212 242 3280 multi
255 3216 327 3277 suis
354 3215 436 3275 vitiis
458 3215 592 3295 primum
619 3215 828 3286 blandientes,
856 3228 958 3275 scorta
987 3228 1017 3274 et
1047 3236 1168 3277 comes·

155 3317 293 3382 sationes
314 3316 495 3376 condonant
515 3314 748 3388 adolescentiae,
777 3315 874 3374 aleam
894 3335 930 3374 ae
949 3316 1169 3392 prolusioueru

153 3428 265 3503 putant
283 3436 351 3478 esse
371 3413 552 3476 nobilitatis.
591 3413 715 3474 Interea
730 3414 883 3475 decrescit
906 3436 972 3489 res,
995 3416 1106 3476 crescit
1127 3439 1167 3477 ces

156 3521 299 3591 alienum,
313 3515 503 3598 periclitatur
514 3514 605 3587 lama,
623 3514 703 3593 perit
719 3513 1009 3594 lavorPrincipnrn,
1030 3537 1168 3597 qnorum

155 3619 349 3702 benignitate
369 3616 540 3677 alebantur.
579 3614 661 3672 Mox
681 3626 802 3691 egestas
823 3615 932 3674 invitat
953 3614 1167 3693 adrapinam,

153 3728 192 3786 a'c
206 3721 340 3801 primum
359 3713 526 3777 latrocinio
546 3713 620 3773 belli
640 3713 745 3775 titulus
766 3714 962 3794 preteritum
985 3715 1098 3774 deinde
1113 3715 1169 3775 nbi

157 3824 245 3887 luxui
260 3819 364 3881 -velnti
375 3815 550 3880 Danaidum
567 3813 653 3874 dolio
667 3814 741 3874 nihil
752 3815 878 3897 sullicit,
899 3813 1024 3875 venitur
1037 3817 1076 3874 ad
1096 3838 1168 3895 per·

157 3926 220 3987 dita
239 3919 384 3991 consilia,
415 3927 450 3977 ut
468 3914 530 3995 jam
551 3914 633 3975 inter
653 3916 784 3976 amicum
813 3926 844 3975 et
870 3914 1028 3976 inimicum
1047 3919 1168 3985 ,millum

157 4024 195 4087 sit
214 4021 400 4090 discrimen,
428 4015 552 4099 quoties
574 4014 707 4076 inhiatur
727 4016 852 4094 praedae,
872 4018 1011 4077 'tandem
1033 4017 1163 4091 artimus,

156 4127 244 4188 velut
259 4141 362 4203 equus
381 4136 673 4189 excusso-sessore,
695 4138 832 4196 praeceps
851 4118 953 4178 lertur
973 4119 1004 4179 in
1024 4118 1166 4184 exitium.

149 4223 297 4289 ·'l'amets'i
317 4222 357 4284 de
376 4222 519 4282 Hutteno
539 4238 606 4280 non
625 4216 756 4297 perinde
776 4216 933 4293 admiror,
962 4219 1052 4297 cujus
1072 4239 1168 4301 quam

1215 4113 1226 4145 l
