2618 5108
652 1297 679 1370 Ι.

149 1531 202 1607 td
240 1536 458 1611 Bitibaldum
492 1538 740 1634 Pirkheimer,
784 1541 1001 1616 Senatorem
1024 1540 1171 1617 Norim·

542 1679 774 1779 bergensem.

143 2004 332 2099 Audieram
362 2035 585 2102 aCsesarianis
616 2039 804 2120 quibusdam
830 2051 979 2104 vocaturn
1004 2040 1045 2102 ad
1064 2039 1172 2102 dicen·

145 2139 219 2202 dam
240 2159 363 2199 causam
383 2139 571 2201 Lutherum.
620 2140 748 2202 Mentiti
768 2151 851 2203 sunt.
890 2143 965 2203 Non
982 2140 1054 2204 tuit.
1092 2141 1174 2201 Nam

142 2239 205 2300 hoc
225 2249 345 2301 tantum
366 2239 404 2300 ab
424 2240 476 2302 itto
496 2239 660 2322 quaesitum
683 2253 731 2305 est
760 2243 795 2305 in
825 2241 994 2318 Concilio,
1030 2243 1173 2327 quaedam

140 2340 182 2403 ab
200 2361 235 2403 se
254 2341 383 2421 scripta,
407 2362 483 2402 num
499 2342 659 2402 recantet?
681 2343 860 2422 Respondit
873 2343 903 2420 ⁸²)
924 2355 1170 2424 recantaturum,

145 2441 174 2504 si
192 2441 429 2516 convinciatur,
461 2441 623 2520 scripsisse
652 2463 798 2505 erronea.
851 2445 1024 2525 Quaesitum
1044 2445 1171 2518 iterum,

143 2565 224 2607 num
244 2542 408 2603 recantet?
428 2562 499 2602 nam
519 2553 590 2602 ante
607 2544 704 2603 multo
719 2545 861 2605 damnata
878 2565 965 2619 esse,
987 2566 1057 2626 quae
1074 2545 1173 2626 scrip-

142 2644 229 2708 serit.
269 2644 399 2717 Oravit,
420 2663 461 2703 ne
483 2663 517 2704 se
538 2654 653 2723 cogant
672 2644 712 2704 ad
726 2644 915 2725 palinodiam
932 2644 1171 2728 iniquissimam,

143 2755 309 2808 utcontra
337 2744 561 2804 conscientiam
588 2745 729 2819 damnet,
762 2766 832 2827 quae
862 2744 1081 2825 probatissima
1100 2763 1170 2806 esse
1202 2775 1219 2793 r

141 2846 266 2910 sentiat.
304 2844 498 2925 Urgentibus
520 2844 633 2921 tertio,
653 2866 728 2906 num
748 2844 911 2906 recantet?
932 2865 1002 2906 nam
1021 2846 1083 2907 hoc
1102 2855 1171 2907 tan·

138 2955 208 3007 tum
226 2947 308 3006 velle
334 2946 415 3007 scire
437 2942 594 3006 Caesarem
614 2956 645 3005 et
673 2946 847 3026 Principes.
888 2945 1085 3026 Respondit,
1108 2965 1169 3009 nec

140 3065 237 3129 posse
259 3067 318 3107 nec
346 3048 445 3120 velle,
480 3067 549 3127 qurc
570 3046 858 3126 probatissimarum
878 3046 1103 3126 scripturarum
1123 3058 1171 3109 te·

141 3146 298 3210 utimoniis
326 3147 434 3208 fulcita
461 3149 583 3209 habeat.
631 3149 704 3207 Hoc
731 3146 804 3208 satis
832 3146 912 3223 fuit,
945 3169 1002 3209 cur
1028 3159 1170 3211 extreme

141 3230 373 3311 condemnetur
403 3248 452 3309 vir
477 3247 549 3310 Dei.
587 3246 641 3308 Dii
661 3248 869 3322 immortales,
904 3268 998 3329 quem
1019 3259 1170 3310 eventum

140 3371 193 3412 res
221 3348 373 3411 habebit?
400 3350 548 3428 profecto
576 3347 621 3410 sic
641 3349 794 3423 arbitror,
821 3347 878 3408 bac
896 3351 1029 3408 maxima
1049 3358 1168 3426 tempe·
1220 3362 1223 3366 ’

138 3462 217 3515 state
231 3451 391 3528 cognitum
408 3449 465 3524 iri,
486 3449 650 3526 Principes
664 3450 774 3510 habeat
790 3448 974 3523 Germania,
996 3467 1034 3508 an
1055 3447 1168 3508 abeno

140 3653 175 3716 in
193 3656 390 3729 Luthcrum,
412 3653 543 3714 vincunt
564 3672 689 3713 omnem
711 3649 915 3731 impietatem,
941 3670 1034 3710 omne
1053 3624 1190 3711 scelus.⁸

142 3753 225 3817 Mihi
240 3758 388 3834 lacrymas
406 3753 546 3814 excussit
563 3751 742 3831 proximum
760 3749 830 3828 ejus
846 3751 884 3812 ad
901 3771 951 3810 me
968 3749 1165 3831 epistolium3

140 3876 206 3940 quo
214 3855 356 3935 scripsit:
375 3875 468 3937 quarn
478 3853 607 3934 indigne
621 3851 743 3914 habitus
759 3851 809 3924 sit,
829 3850 911 3911 inter
924 3862 1039 3925 cetera,
1053 3852 1167 3914 dimitti

136 3978 172 4021 se
189 3977 262 4018 cum
278 3955 404 4029 edicto,
425 3975 465 4015 ne
482 3954 514 4015 in
532 3955 585 4013 via
603 3953 750 4030 praedicet
764 3951 897 4011 verbum
914 3950 987 4012 Dei.
1009 3951 1166 4033 Oiniqui·

139 4068 236 4120 tatem
262 4068 404 4120 extreme
423 4056 656 4118 detestandam!
686 4054 714 4116 Ο
734 4054 852 4125 scelus,
876 4051 963 4134 quod
983 4049 1165 4115 inexorabi-

135 4161 198 4224 lem
208 4160 270 4222 Dei
286 4159 363 4222 iram
383 4159 555 4221 mercatur!
576 4154 708 4237 Alligari
728 4147 860 4216 verbum
871 4153 949 4228 Dei,
968 4153 1164 4235 Evangelico

140 4308 365 4329 m

171 4367 203 4438 ⁸)
224 4379 456 4425 Coastauttrstarer
475 4375 694 4433 durshgestrichen.
