2618 5108
616 1184 690 1262 ΙΙΙ,

182 1375 349 1450 Ulrichus
387 1379 433 1451 ab
470 1380 612 1453 Hutten
651 1379 777 1476 Eques
812 1383 959 1460 Jodoco
1001 1384 1110 1460 Jonae

558 1520 728 1594 Salutem.

136 1832 189 1927 Et
206 1874 243 1927 tu
262 1873 390 1928 secutus
410 1881 444 1924 es
460 1861 697 1943 predicatorem
709 1866 945 1949 evangelicum,
964 1880 1001 1933 ut
1020 1870 1052 1934 in
1072 1874 1168 1936 horto

138 1965 181 2031 ris
208 1985 282 2028 cum
312 1963 389 2026 illo?
416 1962 572 2027 Pietatem
598 1963 685 2026 omni
717 1986 825 2028 amore
851 1966 997 2051 dignam!
1031 1973 1106 2054 Ego
1134 1983 1168 2037 te

136 2087 236 2142 vero,
256 2063 300 2127 mi
317 2074 457 2142 Jodoce,
490 2063 549 2128 etsi
576 2064 678 2126 amavi
696 2065 804 2146 prius,
833 2077 936 2131 tamen
956 2071 1018 2133 hoc
1036 2071 1167 2136 nomine

138 2165 259 2248 incipio
279 2187 383 2228 amare
404 2162 621 2246 centupliciter
642 2144 752 2248 magis.
791 2167 929 2247 Ferunt,
949 2170 1012 2232 hoc
1031 2172 1167 2254 agitasse

136 2268 234 2343 istos,
257 2277 292 2328 ut
312 2265 389 2350 quia
408 2275 585 2328 commeatu
599 2263 731 2328 Caesaris
751 2277 837 2331 tutus
856 2279 905 2332 est
923 2278 1111 2352 Martinus,
1132 2270 1168 2337 in

137 2390 219 2443 vos,
250 2367 307 2451 qui
327 2365 513 2427 anathemati
531 2366 787 2443 communicetis,
818 2368 1097 2436 animadvertatur.
1135 2373 1167 2437 0

139 2468 283 2552 prudens
295 2465 480 2542 consilium,
501 2466 644 2529 homines
656 2478 727 2546 apte
739 2489 808 2530 rem
820 2456 1023 2536 aestimantesl
1043 2473 1166 2538 Eadem

138 2589 240 2653 opera
268 2565 438 2629 concilium
465 2567 542 2629 illud
567 2567 782 2630 evacuabitur.
837 2570 918 2633 Num
944 2591 1012 2634 non
1041 2571 1167 2651 dubito,

137 2669 307 2736 maximnm
328 2667 397 2730 istic
416 2665 580 2729 hominum
604 2677 725 2746 partem
743 2669 1043 2735 communicaturum
1061 2672 1169 2738 vobis·

138 2770 268 2835 Utinam
288 2788 414 2850 possem
443 2767 571 2842 adesse,
602 2777 697 2848 atque
725 2766 863 2852 aliquem
888 2767 1021 2848 injicere
1044 2783 1167 2838 motum
1277 2780 1284 2791 '

136 2872 257 2947 rebus,
289 2869 408 2953 aliquid
426 2869 590 2930 tumultus
620 2867 771 2931 excitare.
814 2869 889 2932 sed·
909 2870 1017 2954 quiete
1042 2882 1168 2954 prestat

138 2971 204 3059 agi.
245 2971 297 3035 Sic
316 2970 395 3033 faxit
416 2967 577 3047 Christus,
606 2979 641 3031 ut
660 2969 730 3044 fiat,
763 2989 800 3031 ac
817 2968 920 3033 modis
940 2971 1088 3035 omnibus
1108 2973 1167 3036 ob·

137 3084 221 3150 stet,
254 3094 296 3134 ne
328 3070 406 3153 quid
435 3069 590 3132 violentiae
619 3067 773 3131 inferatur
801 3068 847 3145 ei,
876 3091 972 3154 quern
1003 3072 1166 3140 viventem

138 3172 227 3239 tueri
248 3175 418 3244 malumus,
440 3190 535 3252 quarn
554 3167 715 3231 vindicare
733 3180 893 3233 mortuum
906 3182 939 3232 et
953 3172 1166 3253 deperditum.

139 3273 252 3341 Scribe
269 3271 344 3334 mihi
362 3270 480 3354 aliquid
498 3290 629 3346 eorum,
650 3293 720 3351 quae
736 3283 883 3354 aguntur.
922 3269 1070 3336 Similiter
1085 3273 1166 3357 quid

141 3396 252 3460 speres
270 3385 302 3434 ct
320 3372 397 3455 quid
413 3371 533 3458 timeus.
576 3380 705 3436 Crotum
724 3383 828 3435 autem
843 3392 949 3435 meum
967 3372 1079 3435 infelix
1096 3393 1163 3435 mo·

138 3478 308 3563 gistratns,
337 3495 403 3556 quo
424 3473 526 3534 minus
556 3484 588 3534 ct
615 3473 683 3553 ipse
709 3471 884 3553 conjiceret
909 3492 944 3534 se
970 3470 1163 3552 inoptabile

139 3574 323 3649 discrimen,
342 3573 486 3637 detinuit.
506 3572 633 3636 Utinam
647 3571 812 3636 vobiscum
823 3570 1037 3652 abripuissetis
1051 3574 1165 3654 procul

139 3678 244 3743 dubio
257 3678 432 3738 volentem:
451 3685 482 3736 at
498 3673 569 3758 quis
585 3676 664 3736 hanc
680 3672 740 3735 sibi
756 3671 820 3735 viru
836 3671 951 3735 inserat
965 3677 1066 3736 nunc!
1087 3675 1165 3736 Haeo

140 3777 200 3841 vix
214 3776 303 3859 potui
321 3776 542 3856 proficiscente
561 3785 680 3839 Bucero
695 3794 732 3836 ac
747 3773 903 3837 celeriter.
939 3773 1019 3836 Vale
1035 3775 1167 3853 optime.

139 3880 195 3945 Ex
222 3877 435 3958 Ebernburgo
457 3874 533 3937 AV.
556 3875 688 3939 Calentl.
707 3872 789 3954 Maji
808 3871 993 3955 raptissime.
1013 3874 1126 3951 (1521.)

210 4008 332 4063 duduco
357 4006 467 4071 June,
496 3989 616 4055 homini
647 3990 789 4055 moribus
821 4000 853 4053 ct
878 3987 989 4052 studiis
1008 3990 1166 4072 probatis·
1229 4046 1234 4055 .

266 4099 345 4163 simo
365 4098 443 4163 Suo<

859 4188 1130 4264 (Wormaciam.)

1242 2642 1253 2671 ἱ
