2618 5108
457 687 644 808 drininius·
661 729 848 836 Dialogus.
1091 740 1162 815 608

144 923 239 1004 sisse}
258 930 388 1012 'neqne,
416 925 444 990 si
472 946 512 989 eo
533 916 725 990 necessitatis
741 923 856 1010 iniquo
884 928 991 1013 aliquo
1018 928 1164 1011 tempore

145 1039 290 1104 coactus,
309 1048 360 1089 me
379 1027 626 1109 impedivissem,
646 1047 713 1090 non
733 1026 859 1092 licuisse
872 1049 930 1108 per
950 1028 1160 1108 occasionem,

146 1130 405 1211 quandocunque
436 1148 474 1191 ea
501 1148 535 1188 se
565 1127 717 1203 dedisset,
750 1127 825 1191 inde
856 1149 966 1191 rursus
997 1129 1161 1210 expediri:

145 1238 235 1293 Nam
253 1238 337 1311 quod
347 1239 409 1305 jrss
427 1234 542 1292 habere
555 1245 677 1309 potest,
698 1239 753 1312 qni
769 1245 895 1297 natum
911 1236 1093 1310 beneficium
1111 1240 1162 1294 ol.

101 1319 103 1322 ’
144 1339 207 1393 reri
224 1339 350 1409 eripit?
378 1326 442 1389 Val
470 1348 539 1410 quae
568 1327 683 1407 injuria
711 1339 775 1405 est,
807 1349 900 1395 suurn
926 1329 987 1413 sibi
1005 1327 1161 1397 violenter

147 1429 322 1493 detractum
341 1427 410 1510 pari
428 1425 579 1510 violentia
596 1427 808 1509 recuperare?
1028 1434 1031 1441 '

525 1560 766 1626 Alexander.

136 1693 139 1699 ·
217 1662 262 1728 At
280 1663 374 1726 fidem
395 1661 537 1726 dederas.

254 1793 260 1802 '
545 1778 761 1844 Arminius.

216 1879 260 1941 Ut
285 1879 413 1959 indigne
442 1876 560 1963 aliquid
585 1890 725 1961 paterer,
757 1900 824 1942 non
851 1881 1011 1946 dederam.
1059 1881 1158 1944 Potui

142 1987 248 2041 tamen
273 1978 404 2039 honeste
429 1990 462 2040 et
489 1977 657 2042 liberaliter
685 2001 814 2062 parere,
843 1980 871 2045 si
900 1980 1043 2045 modeste
1062 1980 1106 2043 illi
1125 1992 1158 2044 et

142 2076 276 2141 civiliter
299 2078 452 2159 imperare
470 2081 653 2144 voluissent.
692 2080 755 2142 Sed
773 2090 809 2142 ut
826 2082 982 2144 dedissem
1001 2091 1157 2145 extortam

143 2178 177 2242 vi
195 2189 226 2240 et
238 2177 370 2260 injuria,
394 2177 567 2242 communis
580 2182 641 2243 hoc
655 2179 718 2244 vita
727 2181 876 2257 sancivit,
893 2182 986 2244 fidem
998 2203 1064 2245 non
1075 2202 1156 2258 esse,

143 2300 237 2363 quam
264 2291 406 2368 raptores
432 2278 564 2362 exigunt
593 2280 719 2358 abeis,
754 2282 809 2364 qui
835 2281 1020 2345 necessitate
1056 2279 1157 2352 coacti

143 2399 181 2441 ea
200 2381 378 2442 concedunt
396 2380 503 2457 facile,
526 2379 640 2464 quibus
660 2401 720 2443 nec
738 2379 798 2461 ipsi
819 2402 927 2445 carere
943 2382 1076 2458 debent,
1095 2401 1156 2445 nec
1189 2397 1193 2406 ·

142 2480 189 2542 uti
210 2479 265 2562 qui
283 2479 418 2560 rapiunt.
448 2481 569 2557 Porro,
591 2479 647 2564 qui
665 2479 753 2543 alteri
771 2479 884 2563 jugum
904 2480 1029 2563 injecit,
1049 2502 1156 2545 nonne

142 2591 272 2643 eatenus
288 2581 347 2642 sibi
367 2580 541 2642 obnoxium
559 2581 666 2658 habet,
689 2593 844 2665 quatenus
862 2581 895 2644 vi
907 2583 1009 2645 teneri
1027 2580 1156 2663 potest?

141 2681 209 2744 Aut
228 2701 293 2742 non
319 2681 391 2744 licet
416 2681 520 2744 armis
538 2703 596 2763 per
625 2679 771 2764 injuriam
792 2683 954 2767 adempta,
985 2681 1078 2745 armis
1096 2701 1155 2762 per

143 2780 339 2844 occasionem
358 2783 525 2863 repetere?
544 2784 658 2866 Neque
677 2793 774 2864 puto,
794 2793 904 2845 contra
923 2793 1066 2846 naturam
1083 2798 1155 2844 curn

141 2880 197 2957 sit,
229 2903 270 2945 ex
290 2881 390 2946 libero
412 2904 539 2946 servum
557 2884 643 2960 fieri,
675 2893 785 2946 contra
808 2885 894 2968 leges
922 2902 994 2948 esse
1023 2882 1154 2960 debere,

140 2984 181 3046 ad
203 2996 315 3048 naturae
335 2986 455 3047 donum
475 2984 644 3066 respicere.
696 2985 743 3044 Ea
762 2984 889 3048 demum
908 2985 986 3046 fides
1005 2998 1070 3060 est,
1090 3003 1155 3068 qua

140 3085 266 3161 damus,
286 3087 375 3168 quod
394 3085 556 3147 debemus.
602 3085 674 3167 Age
694 3094 817 3161 autern,
845 3083 915 3168 quis
944 3094 1007 3148 tam
1030 3079 1152 3162 injuriae

140 3185 260 3267 patiens
281 3205 349 3247 esse
369 3185 479 3260 dehet,
501 3197 536 3248 ut
555 3207 593 3248 ea
610 3185 708 3262 ferat,
730 3207 799 3268 quae
820 3185 854 3248 in
874 3186 1043 3248 Germania
1055 3186 1153 3248 facie·

138 3284 213 3347 bant
230 3284 366 3347 Romani
385 3296 470 3360 tunc,
491 3307 625 3369 quaeque
645 3297 773 3366 Varus,
786 3288 881 3350 homo
902 3287 1041 3350 omnium
1061 3297 1151 3371 puto,

139 3406 221 3470 quos
241 3396 324 3447 terra
350 3385 497 3467 protulit,
527 3387 726 3451 avarissimus
758 3399 790 3451 et
819 3384 1059 3469 iniquissimus?
1088 3386 1152 3468 Qui

138 3502 211 3549 cum
230 3485 349 3567 Syriam
369 3497 441 3551 ante
460 3486 625 3571 spoliando
637 3487 898 3564 circumrasisset,
920 3488 1096 3550 Germanos
1109 3507 1151 3548 ex

137 3599 206 3651 toto
231 3609 419 3653 consumere
453 3589 629 3671 peculando
660 3589 844 3652 instituerat.
887 3588 1000 3672 lbique
1027 3609 1066 3651 ea
1090 3587 1152 3650 fuit

137 3690 285 3770 superbia
322 3702 355 3754 et
386 3689 480 3755 animi
515 3689 715 3772 impotentia,
753 3702 789 3753 ut
819 3700 923 3752 mente
951 3688 1147 3769 conciperet,

137 3786 251 3850 bestias
282 3812 351 3854 esse
373 3793 562 3868 Germanos,
596 3789 772 3855 et'rationc
790 3788 928 3852 carentia
947 3790 1054 3866 bruta,
1083 3809 1149 3852 non

137 3886 298 3964 homines,
327 3911 433 3974 neque
452 3894 545 3955 ullam
565 3904 679 3956 tantam
698 3911 767 3954 esse
789 3890 1023 3974 indignitatem,
1056 3913 1151 3975 quarn

138 3988 277 4051 aversari
296 4011 354 4051 nos
374 3993 517 4068 deceret,
539 4004 591 4054 aut
610 4005 719 4055 corrtra
733 4013 827 4075 quam
841 3991 999 4056 resistere.
1037 3990 1148 4076 Itaque

135 4090 213 4154 nihil
237 4091 376 4154 amentia
399 4115 461 4154 suaa
481 4093 681 4177 temperavit,
714 4113 807 4154 omne
825 4090 978 4173 flagitium
997 4102 1028 4153 et
1055 4113 1148 4155 omne

137 4212 232 4255 ausus
266 4203 314 4254 est
341 4194 453 4256 scelus.
493 4197 790 4276 Quaproptenego,
824 4191 900 4254 illud
919 4212 996 4273 curn⁸
1009 4191 1149 4258 conscivi

137 4289 275 4369 lacinus,
304 4313 369 4355 non
399 4313 474 4377 erga
491 4296 648 4378 legitimos
668 4291 825 4359 Dominus
843 4293 938 4357 fidem
956 4287 1072 4369 lele'lli',
1092 4290 1149 4355 sed
