2618 5108
381 779 584 857 Praedones
633 778 820 883 Dialogun
1024 784 1107 883 ,2⁰7

87 969 206 1055 prndio
248 971 468 1055 expiscantur,
516 982 549 1043 et
584 991 680 1057 agros
716 993 753 1036 ae
772 973 868 1038 uillas
898 974 939 1040 ad
967 993 1003 1039 so
1030 993 1109 1039 eou-

20 1113 24 1119 .
87 1071 232 1155 quirunt,

478 1184 730 1253 Frunoiscus.

165 1287 264 1369 Quod
292 1286 420 1371 quidem
446 1288 506 1351 iste
535 1289 620 1352 norit
647 1290 765 1371 optime
792 1311 834 1353 ex
854 1288 1012 1373 Fuggeris
1031 1289 1107 1367 suis,

90 1408 174 1472 quos
207 1388 460 1450 reverentissime
480 1389 596 1450 habent
619 1390 677 1465 itti,
713 1389 787 1473 qnia
812 1391 850 1451 ab
875 1391 920 1452 eis
948 1393 1109 1454 donantur

90 1486 389 1551 munificentissime.
415 1490 514 1565 Illud,
535 1493 692 1566 Huttene,
713 1489 819 1555 vidisti
832 1492 1001 1572 Augustae,
1021 1491 1109 1574 Fug-

87 1608 241 1673 grrorum
260 1589 429 1672 aliquando
452 1590 672 1672 sepulchrum?

495 1723 706 1786 Huttenns.

159 1815 241 1901 Quis
260 1840 326 1882 non
344 1819 451 1883 vidit?

467 1941 494 2007 F
502 1944 725 2009 raneircus.

164 2042 210 2108 Ut
227 2055 425 2108 exstructum
445 2045 519 2108 est?

480 2185 701 2248 Huttenus.

163 2278 304 2364 Regium
341 2280 374 2346 in
412 2304 544 2348 rnorem.
602 2287 664 2348 Sed
695 2284 778 2347 bene
810 2283 985 2349 Canusinis
1014 2284 1110 2348 cedit.

86 2379 200 2465 Atque
220 2382 317 2461 igitur
338 2384 392 2465 pio
413 2381 489 2449 illud
506 2406 685 2462 murmure,
706 2397 738 2448 et
756 2385 835 2448 mire
858 2384 984 2449 sonoris
1004 2382 1111 2470 quoti·

86 2480 141 2545 oie
158 2484 296 2564 preculis
317 2484 590 2568 circumstrepunt.

486 2620 706 2690 Mercator.

165 2718 262 2785 Mine
281 2720 469 2807 Fuggeros‚
490 2725 602 2788 odiose
621 2726 693 2791 satis
714 2737 875 2791 contactos
891 2725 998 2808 prius,
1018 2725 1110 2791 etde

88 2818 411 2906 nuia'praedonibus
438 2831 654 2915 prosequere!

492 2962 526 3027 H
533 2975 709 3028 utteuus.

163 3060 208 3125 At
226 3058 259 3125 in
279 3060 326 3124 his
347 3061 490 3147 Fuggeri
502 3077 590 3142 sunt,
609 3067 701 3128 etiam
719 3062 797 3145 ipsi,
817 3063 907 3148 qnod
919 3064 1015 3128 sacris
1028 3085 1111 3149 quo·

86 3179 156 3246 que
174 3162 413 3226 immiscuerunt
431 3186 483 3242 se,
511 3187 580 3229 non
604 3164 745 3230 contenti
771 3185 836 3227 uno
863 3165 959 3229 modo
976 3166 1110 3250 predari

85 3261 238 3329 uberum
256 3263 468 3328 Germaniam.

487 3401 707 3471 Mercator.

166 3501 264 3588 Quod
283 3525 346 3588 ego
365 3523 529 3589 nunquam
541 3503 665 3582 audivi,
689 3502 833 3568 iusseris
848 3504 1004 3588 negotiari
1021 3503 1111 3588 Fug-

86 3621 198 3689 ΜΒ·

108 3737 113 3747 “
489 3727 700 3792 Huttenus.

164 3827 305 3906 Audies,
337 3849 410 3892 oum
436 3827 477 3892 de
509 3827 683 3891 Curtisanis
713 3827 815 3893 dicam
839 3828 935 3909 paulo
963 3838 1051 3912 post,
1078 3837 1111 3893 et

88 3929 308 3995 mksiustiois
328 3929 386 3992 illis
406 3925 649 3992 institutoribus.

472 4065 499 4132 1⁷
506 4067 731 4132 rancisous.

164 4164 253 4254 Quid
269 4164 418 4254 impedit,
438 4169 608 4254 quominus
627 4187 713 4231 nunc
728 4165 813 4231 dicas
833 4164 959 4230 statim?

161 4406 238 4475 1100
254 4408 342 4474 enim
361 4407 450 4494 quod
479 4306 758 4492 iiiuiiiiitiiiius
789 4403 867 4485 illis,
893 4413 927 4469 et
949 4401 1109 4471 monachis
