2618 5108
81 248 235 266 ’,κη-...-
243 63 552 258 w.
596 240 614 252 θ

342 736 516 824 adversus
540 734 783 852 adspergines
803 746 969 823 Hutteni.
1085 738 1162 828 db?

140 941 221 1025 ipse.
256 930 297 1005 iu
315 938 373 1005 boe
391 941 455 1004 rita
473 939 550 1003 nibil
567 951 705 1023 experto
723 941 891 1007 felicitatis.
937 939 1002 1005 sed
1019 936 1161 1023 sqntors

138 1054 243 1105 tomen
272 1042 376 1104 animo
404 1062 474 1105 sum
497 1040 660 1115 exiturus,
690 1044 718 1107 si
736 1044 870 1119 videro,
901 1041 1019 1106 Christi
1036 1044 1161 1102 musard

138 1145 227 1206 seme
247 1145 357 1222 polam.
408 1144 478 1206 Jam
504 1143 544 1204 ud
562 1143 752 1206 Pontificem
772 1144 949 1208 Romanum
974 1140 1091 1216 redeo,
1120 1136 1162 1201 do

140 1264 207 1328 qno
227 1244 426 1316 criminatur,
447 1264 497 1305 me
516 1262 601 1304 nuno
620 1243 709 1307 nliter
727 1245 863 1320 sentire,
882 1265 977 1328 quom
997 1241 1071 1303 oiim
1089 1258 1162 1303 serr·

144 1343 251 1406 serim.
289 1342 446 1417 „Laudem
468 1341 586 1424 inquit,
607 1343 690 1407 bunc
707 1344 913 1421 Pontificem,
933 1355 965 1406 et
980 1342 1019 1405 ab
1035 1360 1075 1404 eo
1096 1342 1163 1403 lau·

142 1444 225 1507 daris
244 1444 404 1505 viderunt*
433 1443 564 1520 Laudo,
584 1444 641 1507 sed
657 1466 752 1528 quem
771 1467 833 1526 ego
852 1444 956 1507 multis
969 1438 1161 1522 conjecturis

143 1545 317 1618 adductus,
354 1564 449 1624 spero
482 1544 608 1606 sincero
639 1532 769 1626 pectore
805 1546 1019 1607 consulturum
1055 1540 1163 1625 gioria

142 1630 285 1707 Christi(
325 1647 366 1705 Et
397 1655 501 1707 tamen
532 1646 627 1707 tundo
657 1647 847 1725 parcissime.
898 1646 950 1709 An
981 1642 1162 1724 indignatur

140 1744 318 1833 lintrensis,
350 1747 376 1808 si
395 1747 487 1820 tutem
507 1745 711 1822 Pontificem,
732 1757 766 1810 et
783 1747 857 1810 olim
876 1745 1009 1808 amicum
1027 1755 1060 1807 et
1077 1760 1163 1805 nune

141 1845 402 1920 benevolentem,
442 1847 550 1926 paucis
583 1845 690 1908 verbis
725 1847 821 1909 laudo
850 1847 885 1908 in
921 1842 1044 1926 seriptis
1071 1842 1161 1917 meio,

96 1984 99 1989 -
141 1962 214 2006 oum
234 1946 301 2024 ipse
321 1946 432 2020 toties,
461 1956 510 2007 tot
540 1946 664 2022 verbis,
690 1957 753 2008 tom
770 1945 949 2033 *magnifico
976 1943 1163 2027 predicetur

143 2044 177 2105 in
197 2044 319 2125 scriptis
338 2044 433 2119 meis,
461 2045 555 2106 etism
572 2045 605 2106 in
625 2066 725 2126 opere
744 2047 847 2122 serio,
873 2049 960 2108 vetut
980 2046 1013 2108 in
1032 2056 1163 2111 annot*

141 2144 283 2206 tionibus
303 2145 387 2206 Nori
407 2144 624 2209 Testamenti?
644 2144 713 2209 Cur
732 2145 783 2209 bio
800 2167 851 2209 rne
871 2167 938 2208 nou
962 2148 1095 2228 appellet
1113 2164 1164 2209 u·

142 2244 357 2307 sentntorem?
395 2245 546 2308 Pontifex
576 2246 661 2308 uitro
686 2246 768 2309 misit
794 2249 835 2310 ud
863 2270 912 2311 me
942 2249 1008 2311 duo
1034 2245 1162 2321 Brevis,

144 2366 282 2428 quorum
314 2345 473 2425 posterius
506 2358 573 2409 erut
608 2344 717 2427 priore
742 2347 895 2412 amentius
922 2348 1093 2431 scriptum
1124 2364 1165 2410 on

141 2448 194 2508 vel
214 2447 257 2507 ob
276 2447 337 2507 boe
355 2445 490 2508 libenter
508 2468 577 2510 sum
596 2450 773 2529 amplexus,
801 2450 891 2532 quod
910 2448 1056 2532 plerique
1075 2456 1164 2509 vete·

137 2568 196 2610 res
222 2546 312 2609 amici
347 2546 410 2609 mei
439 2547 501 2609 sibi
534 2558 656 2609 eertum
690 2548 820 2611 exitium
858 2552 991 2612 Erssmo
1020 2559 1163 2629 puratum
1251 2547 1255 2555 '

142 2649 370 2730 promiserant,
393 2660 598 2732 posteaquam
617 2642 668 2711 bie
686 2659 754 2712 eret
774 2650 892 2712 electus
913 2647 1078 2712 Pontifex.
1114 2650 1165 2712 En
1195 2651 1199 2657 '

141 2770 194 2811 res
214 2749 283 2810 illos
305 2750 508 2811 vehementer
532 2749 655 2813 tetettir.
693 2749 809 2831 Fingst
823 2751 944 2813 nudum
963 2748 1058 2815 stium
1075 2747 1163 2810 frud-

142 2858 210 2910 tum
227 2848 303 2910 mihi
323 2849 499 2912 rediturum
519 2870 561 2912 ex
587 2848 729 2929 epistolis
756 2849 941 2925 Pontificio,
967 2868 1044 2911 num
1065 2857 1164 2929 putu

140 2949 204 3012 boc
223 2948 474 3029 aspernendum?
492 2948 557 3013 Sed
569 2950 730 3013 Huttenus
741 2952 822 3013 boue
837 2952 973 3033 appensi
990 2948 1164 3012 vstrioiem

141 3047 202 3110 His
222 3047 375 3129 presidiis
387 3050 536 3111 Erasmus
555 3048 702 3112 mbsistot
721 3061 860 3131 oportet.
897 3052 1057 3114 Hutteuus
1069 3049 1165 3113 bubet

141 3168 249 3221 orces,
277 3148 393 3223 vallos,
424 3149 551 3229 copias,
575 3149 783 3227 bernhardus,
809 3153 935 3230 fumos,
962 3152 1071 3231 ignes,
1098 3153 1165 3233 gin·

140 3246 228 3322 dios,
250 3247 370 3324 edicta,
391 3247 489 3323 bella,
515 3248 633 3332 quibus
652 3273 688 3314 se
707 3262 844 3316 meatur.
882 3252 965 3315 Mibi
984 3250 1165 3333 presidium

141 3368 236 3410 omne
266 3348 360 3411 situm
392 3360 440 3411 est
470 3349 503 3410 iu
532 3349 645 3412 favore
679 3352 857 3427 bonorum,
894 3364 926 3416 et
962 3352 1164 3436 quorundum

140 3447 331 3528 potentium,
359 3469 426 3532 quo
446 3459 550 3511 tamen
568 3470 635 3511 non
654 3451 768 3517 sburor
786 3452 847 3514 nisi
867 3455 907 3515 od
928 3453 1084 3534 pubiicum
1102 3451 1164 3513 uti»

139 3549 268 3613 litatem.
304 3552 383 3613 Nam
403 3549 430 3612 si
450 3553 514 3613 roei
533 3550 688 3614 rationem
708 3552 872 3628 haberem,
897 3555 954 3615 aiis
978 3552 1164 3636 ingrederer

139 3651 203 3714 via.
252 3654 295 3712 Et
320 3662 425 3715 tumen
446 3652 605 3714 Hutteuus
631 3652 765 3716 tonum
790 3675 856 3716 nou
880 3654 974 3716 bobot
998 3672 1083 3715 nune
1112 3651 1164 3715 eui

137 3749 260 3824 timeon
282 3772 389 3835 eoque
407 3751 501 3814 fortis
521 3763 578 3815 est.
616 3754 707 3835 Ego,
727 3772 768 3814 ne
789 3755 939 3830 mentior,
960 3753 1056 3816 timeo
1075 3750 1162 3815 libris

138 3848 239 3924 meis,
262 3852 347 3913 unde
366 3852 484 3917 fatetur
501 3864 534 3915 et
549 3854 709 3916 Huttenus
727 3854 867 3916 fructum
886 3875 951 3916 non
969 3851 1164 3917 mediocrem

139 3951 298 4031 proficisci
311 3953 350 4013 sd
362 3972 456 4035 quom
468 3955 630 4033 plurimos.
656 3957 752 4016 Hunc
764 3954 901 4017 fructum
912 3974 982 4016 mes
991 3954 1163 4018 temeritate

139 4051 239 4114 nolim
265 4051 384 4132 perire.
429 4055 497 4114 Neo
528 4053 613 4117 enim
645 4052 677 4116 in
707 4054 790 4117 aliud
823 4075 919 4119 servo
947 4078 1016 4132 me,
1047 4057 1107 4119 nisi
1127 4068 1163 4121 ut

138 4151 270 4235 prosim.
309 4152 492 4233 Exprobrot
510 4153 619 4229 etium,
651 4156 740 4238 quod
764 4175 815 4217 me
833 4154 910 4219 mihi
929 4157 1033 4219 iaudat
1052 4158 1164 4220 Ponti-

138 4253 195 4315 fex
214 4265 246 4314 et
266 4251 442 4318 cardinalis
462 4255 666 4319 Sedunensis.
704 4256 860 4332 „Lsudst,
880 4256 1000 4340 iuquit,
1026 4267 1058 4318 te
1076 4255 1161 4319 riht*

138 4352 237 4435 Quasi
256 4352 331 4418 mibi
350 4354 429 4419 vitio
449 4356 640 4420 vertendum
657 4354 698 4419 sit
724 4378 745 4421 ι
764 4355 878 4421 tutibus
893 4356 1032 4440 laudari,
1052 4380 1163 4448 quam·
