2618 5108
481 802 745 924 Expostulatio.
1052 835 1122 906 387
1178 933 1181 941 ‚

103 1024 183 1088 male
222 1021 390 1105 aliqnando
424 1020 478 1082 abs
516 1030 547 1081 te
579 1019 674 1080 habiti
701 1021 805 1082 Deum
837 1031 932 1105 atque
962 1023 1123 1085 bominum

103 1125 258 1186 obtestata
286 1123 350 1185 fiale
379 1121 610 1204 querebantur,
638 1142 704 1181 non
729 1125 831 1184 solum
858 1124 959 1184 levem
990 1134 1037 1199 te,
1068 1125 1125 1187 secl
1177 1145 1182 1153 ·

100 1223 242 1286 fallacem
285 1243 417 1307 quoque
447 1234 478 1284 et
512 1220 708 1284 insidiosum.
772 1227 861 1304 Quos
894 1237 997 1287 tamen
1031 1245 1126 1287 nemo

104 1326 250 1386 audiebat
278 1335 364 1386 tnnc.
414 1326 492 1384 Tuae
521 1323 604 1383 enim
633 1336 722 1385 erant
751 1326 889 1388 omnium
919 1349 1009 1389 aures
1030 1338 1125 1410 atquc

106 1438 247 1504 pectora.
285 1427 327 1485 Et
352 1424 425 1485 satis
459 1425 612 1499 habebas,
646 1445 715 1506 qnae
747 1426 790 1487 illi
820 1428 1021 1503 accusabant,
1055 1427 1148 1489 tans·

107 1525 276 1605 imputare,
301 1545 336 1586 ac
354 1526 387 1586 in
400 1526 481 1587 illam
499 1524 632 1604 rejicere
647 1526 847 1590 Homericam
860 1531 962 1604 Aren,
985 1532 1127 1610 pulchre,

106 1639 137 1688 ct
166 1638 201 1688 ut
229 1648 312 1688 nunc
340 1627 482 1690 videmus
509 1631 599 1708 plane
620 1628 788 1690 Erasnricc.
839 1631 962 1691 Verum
992 1631 1127 1708 interim,
1171 1685 1173 1690 .

102 1730 170 1790 talis
191 1750 262 1791 cum
291 1729 349 1804 sia,
386 1730 467 1790 belle
496 1728 669 1789 convenire
694 1729 750 1789 tibi
778 1752 850 1792 cunr
878 1732 1059 1808 Germanis,
1089 1732 1129 1795 ad

101 1850 226 1891 morum
248 1829 400 1890 rationem
420 1828 508 1890 dicis.
548 1829 699 1889 lmonon
715 1829 946 1894 Germanorum
959 1845 1032 1895 sunt
1052 1836 1127 1910 hacc,

103 1931 159 1993 scd
179 1930 312 1992 levitatis
333 1943 364 1991 ct
383 1928 599 1992 inconstantiae
625 1929 793 2008 plurimum
812 1934 1005 2015 peregrinae,
1028 1935 1128 1997 homi·

105 2054 182 2093 num
214 2033 270 2114 qni
305 2031 420 2114 quovis
448 2039 609 2093 momento
643 2031 724 2095 verti
758 2052 793 2091 ac
828 2034 944 2096 reverti
978 2048 1151 2116 possunt3·

104 2155 242 2216 quorum
264 2132 339 2193 nihil
360 2132 484 2207 stabile,
519 2121 623 2192 omnia
650 2132 688 2192 arl
708 2131 827 2194 incerta
848 2134 982 2196 lortunae
1002 2136 1130 2199 mobilia

105 2247 136 2297 et
175 2234 305 2296 lubrica.
353 2233 496 2295 Proinde
526 2232 559 2293 in
592 2231 725 2308 ltaliam,
753 2245 785 2295 et
811 2235 850 2295 ad
876 2235 945 2296 illos
972 2235 1004 2298 in
1033 2239 1132 2302 fidem

104 2338 157 2401 abs
194 2348 225 2398 te
256 2347 403 2417 acceptos
430 2337 540 2399 Romae
566 2333 767 2410 Carclinalcs,
800 2334 920 2397 facesse
949 2337 1022 2399 hinc
1047 2341 1141 2416 talia,

103 2440 158 2501 nbi
206 2437 271 2500 suis
313 2435 430 2519 cuique
474 2434 634 2509 moribus,
677 2457 810 2518 suoque
844 2436 974 2520 ingenio
1018 2439 1151 2505 vivere·

104 2542 195 2614 licet;
237 2550 290 2600 aut
325 2537 364 2600 ad
402 2537 472 2599 illos
511 2534 648 2615 remigra
683 2536 943 2617 Gallogcrmanos
976 2551 1070 2618 tuos,
1103 2543 1131 2607 si

105 2645 190 2705 lorte
232 2640 367 2721 patrium
400 2637 440 2699 sit
475 2639 537 2698 hoc
567 2636 625 2698 illis
668 2658 835 2699 commune
869 2650 974 2702 tecum
1008 2641 1130 2705 vitium.

105 2743 190 2825 Quin
215 2741 307 2804 etiam
335 2738 396 2802 nisi
418 2740 557 2822 quaedam
584 2737 699 2800 nostris
726 2739 934 2801 intolerabilia
962 2751 1129 2822 temperas,

103 2844 327 2924 postulandum
343 2841 397 2903 abs
421 2851 452 2900 tc
473 2839 631 2901 communi
645 2839 876 2927 Germanorum
900 2840 1038 2903 omnium
1055 2861 1131 2905 con·

103 2945 192 3019 silio,
214 2945 306 3004 ctiam
324 2940 480 3004 orandum
493 2960 627 3015 censeo,
648 2952 684 3001 ut
694 2935 815 3023 migres
836 2943 912 3004 alio:
934 2962 997 3004 neu
1017 2942 1155 3022 juven·'

104 3059 203 3108 tutem
223 3045 355 3106 insuetis
376 3041 451 3104 huie
471 3039 591 3102 nationi
612 3039 693 3103 vitiis
716 3041 841 3104 levitate
861 3054 893 3103 et
911 3043 1130 3123 inconstantia,
1147 3124 1152 3129 .

106 3147 154 3207 tui
174 3145 322 3221 exemplo
352 3143 469 3207 diutius
492 3140 622 3203 imbuas.
667 3142 845 3205 Praesertim
865 3143 1033 3208 vanitatem
1052 3146 1132 3210 banc

110 3247 262 3307 autoritas
288 3265 357 3305 cum
379 3244 535 3326 proferat,
564 3254 595 3302 et
615 3241 746 3323 dignum
767 3244 957 3308 arbitrentur
976 3246 1151 3323 homines,

108 3367 206 3428 quem
226 3344 402 3421 imitentur,
429 3344 534 3427 sitque
555 3344 799 3406 adolescentium
821 3365 923 3426 prope
943 3366 1054 3422 nemo,
1075 3346 1132 3430 qul

107 3466 141 3509 se
162 3467 237 3520 non,
258 3467 330 3507 cum
351 3446 384 3507 in
404 3446 515 3507 studiis
536 3455 643 3525 perte
662 3446 851 3527 profecerit,
872 3446 904 3507 in
923 3467 1027 3508 mores
1051 3467 1151 3528 quo-¹

109 3567 172 3630 que
192 3558 282 3622 tuos,
305 3568 443 3631 quorum
457 3546 562 3624 imago
583 3544 653 3605 libri
673 3557 758 3621 sunt,
781 3547 981 3609 formandum
995 3557 1131 3610 censeat.

108 3649 311 3736 Tantumque
340 3660 433 3710 autor
470 3669 526 3709 ero
556 3646 701 3708 omnibns
739 3647 884 3727 lugicndi
912 3658 985 3711 tuos
1013 3669 1151 3725 morem·

105 3761 257 3833 quantum
284 3771 408 3829 semper
438 3748 486 3809 tui
517 3747 720 3828 consectandi
758 3748 871 3810 studia.
925 3749 1038 3832 Neque
1065 3769 1131 3811 non

105 3852 290 3932 ubicunque
310 3851 415 3912 licebit
434 3850 581 3930 detegam
594 3860 666 3910 tuos
678 3848 785 3923 lucos,
809 3860 839 3910 et
850 3847 971 3932 ubique
985 3849 1129 3914 obstabo»

15 3976 18 3982 ’
58 4017 63 4041 ι
108 3973 174 4035 qno
206 3951 310 4013 minus
341 3948 537 4012 callidissime
566 3959 687 4028 captata
718 3970 776 4029 per
801 3959 833 4010 te
862 3949 894 4011 in
920 3950 978 4012 bac
1003 3948 1065 4029 jam
1095 3974 1131 4014 re

109 4051 313 4132 simplicitatis
340 4049 471 4130 opinio,
501 4051 538 4111 acl
563 4050 685 4132 reliqua
718 4048 897 4130 obtegenda
923 4052 1052 4131 posthac
1076 4053 1153 4115 cle·-

109 4157 226 4216 decora
246 4152 302 4213 tibi
321 4154 431 4213 valcat.
471 4152 568 4231 Quoil
588 4150 613 4210 si
628 4171 676 4212 me
695 4150 822 4211 audient
836 4150 995 4226 homines,
1015 4153 1132 4215 frustra

109 4254 297 4334 objiciendis
327 4274 386 4333 pro
423 4263 566 4332 tempore
599 4251 764 4339 prestigiis
792 4254 945 4315 confides.
1004 4253 1073 4313 Nec
1095 4263 1154 4315 tu·

108 4366 299 4440 quemquam
318 4355 433 4416 deinde
452 4352 594 4437 figuratis
613 4352 678 4415 istis
698 4353 759 4416 tuis
776 4352 957 4437 ambagibus
971 4354 1133 4418 delinitum

107 4455 207 4521 dabis
254 4456 346 4517 Hanc
362 4454 503 4536 coegisti
521 4473 587 4515 rue*
601 4475 717 4518 navare
737 4474 872 4537 operam
904 4457 1072 4522 adversum
1090 4472 1155 4535 te,‘
