2618 5108
382 776 587 866 Praedones
637 778 828 883 Dialogus.
1047 796 1132 887 est,

86 976 171 1044 mle
194 972 357 1051 socinum
387 984 535 1052 autnon
563 977 820 1061 unumquodque
845 990 970 1064 ternpus
1002 1006 1122 1071 oppor-

85 1093 203 1146 tunum
220 1074 294 1141 ratis
312 1074 370 1153 sit,
396 1095 463 1158 quo
481 1074 608 1139 illorum
627 1089 812 1160 gressuum
830 1084 1005 1152 resistatur.
1049 1113 1051 1116 ⁴

472 1205 727 1282 franciscus.

169 1325 293 1387 Tamen
313 1331 378 1397 est,
411 1319 499 1403 quod
513 1328 662 1381 moretur
688 1340 754 1397 me,
788 1327 878 1406 qnod
898 1327 967 1423 ipse
986 1351 1053 1393 non
1071 1330 1121 1417 ig.

88 1449 192 1493 noras.
231 1426 341 1487 Vetiee
368 1434 473 1484 autern
502 1419 724 1500 intempestive
750 1424 911 1492 ordientes
930 1451 991 1495 nos
1011 1432 1051 1497 ab
1070 1435 1120 1507 iis,
1231 1454 1233 1458 ⁴

91 1528 148 1617 qui
167 1529 348 1598 consultum
365 1525 486 1587 nollent
507 1522 701 1602 Germaniae,
723 1526 887 1608 opprimi?

149 1751 152 1756 .
487 1666 722 1731 Huttenus.

166 1769 242 1834 Hoc
260 1776 380 1831 evertat
400 1764 563 1830 Christus!
584 1766 719 1831 Nollem.

494 1889 747 1959 Franciscus.

166 1994 211 2058 At
230 1994 341 2068 tieret,
372 1992 489 2067 credo,
518 1991 546 2054 si
567 1992 737 2057 audentem
763 2005 795 2058 te
824 2011 1038 2082 sequerentur
1056 2001 1120 2066 atii.

86 2094 236 2162 Proinde
262 2105 387 2175 tempus
414 2104 547 2176 expecta
566 2114 691 2156 mecum
711 2096 813 2175 atiud,
846 2101 936 2183 quod
956 2123 1029 2164 cum
1047 2102 1119 2181 erit,

86 2199 179 2262 (tices
210 2196 297 2279 ipse,
328 2195 430 2261 inisse
463 2194 669 2259 conficiendis
695 2196 793 2261 rebus
823 2198 872 2265 his
905 2219 1121 2284 opportunum

84 2299 199 2384 magis.

496 2421 712 2487 Huttenns.

164 2523 371 2609 Expectabo,
392 2521 468 2586 dum
487 2542 554 2583 non
573 2525 705 2587 multum
723 2520 813 2590 absit.
859 2544 863 2554 ·

472 2661 729 2729 Franciscus.

163 2769 275 2848 Prope
293 2777 360 2844 est,
387 2764 421 2828 ni
439 2762 543 2826 failor.
591 2765 671 2826 Nam
693 2765 863 2830 Germania
880 2769 1038 2853 resipiscit
1055 2770 1120 2848 jam

88 2889 126 2935 ac
143 2870 232 2952 ipsa,
260 2887 320 2951 per
351 2876 383 2929 te
403 2877 435 2927 et
455 2865 632 2928 Lutherum
661 2868 888 2950 expergefacto
917 2871 1119 2953 aprosundo

88 2971 231 3060 quodem
259 2986 391 3042 somno,
432 2985 631 3046 cognoscere
658 2966 823 3045 fraudem,
861 2991 925 3054 qua
956 2950 1120 3053 consopite

85 3073 168 3149 fuit,
199 3069 322 3152 incipit.
374 3068 490 3149 Neque
517 3065 645 3128 videtur
663 3069 796 3131 ulterius
824 3071 911 3133 ferre
938 3083 1120 3153 postetam

84 3174 287 3239 inhonestam
320 3178 368 3231 tot
397 3168 575 3231 otiosorum
594 3165 757 3230 hominum
777 3173 1072 3252 conversationem,
1092 3173 1120 3238 si

85 3287 198 3356 posset
217 3271 329 3347 etiam,
359 3289 468 3351 neque
495 3288 671 3351 agnoscere
698 3269 766 3351 ipsa
791 3292 826 3332 se
854 3282 957 3348 vetet,
991 3284 1023 3335 et
1042 3295 1119 3355 cog·

9 3412 10 3419 κ
85 3394 224 3441 noscere
242 3374 325 3448 hac,
344 3381 448 3432 tamen
464 3371 563 3430 nollet
578 3367 722 3432 Christus
741 3368 802 3431 sub
817 3382 973 3448 praetentu
984 3372 1119 3455 pietatis,

86 3473 209 3544 diutius
229 3473 318 3537 ittudi
337 3470 418 3548 sibi,
440 3481 472 3533 et
490 3468 530 3532 ab
549 3490 584 3532 se
603 3468 746 3533 instituta
763 3470 916 3553 perverti.

495 3615 708 3676 Huttenue.

165 3715 250 3781 Cum
269 3713 347 3777 itlud
362 3710 471 3775 veniet
486 3721 609 3794 tempus
626 3723 748 3789 autern,
769 3713 832 3776 hoo
849 3714 1009 3796 egendum
1024 3715 1118 3780 nobis

86 3816 284 3888 arbitrabor,
314 3827 349 3876 ut
375 3812 608 3877 honestissimas
629 3813 804 3876 Germanice
824 3815 983 3892 civitates,
1010 3816 1118 3883 dimis-

85 3917 147 3995 sis,
162 3921 261 4002 siquae
273 3914 404 3978 inerunt
416 3913 523 3995 prius,
539 3913 747 3977 simultatibus
768 3937 803 3978 ac
819 3916 989 3980 inimicitiis
1015 3917 1049 3981 in
1068 3919 1116 3983 rei

86 4014 271 4083 societatem
291 4015 489 4098 accipiamus.
527 4017 608 4079 Nam
627 4017 832 4081 vehementer
850 4017 947 4079 video
968 4019 1008 4081 ad
1022 4017 1118 4084 libcr-

85 4133 184 4184 tatem
205 4130 327 4182 erectas
356 4137 428 4194 eas,
458 4137 495 4180 ac
514 4117 606 4180 foede
636 4116 797 4180 servitutis
819 4120 945 4198 pudore
966 4119 1061 4196 affici,
1081 4131 1117 4183 ut

84 4223 210 4287 nultum
229 4220 325 4283 atium
342 4219 499 4282 ordinem.
537 4219 667 4280 Habent
684 4230 789 4282 autern
807 4219 913 4298 vires,
934 4232 966 4281 et
982 4223 1117 4302 pecunia

85 4322 270 4396 abundarit,
290 4331 328 4383 ut
343 4320 369 4383 si
382 4319 465 4382 betto
482 4320 607 4400 agendo
621 4321 686 4384 haec
701 4320 764 4384 sint
780 4331 816 4384 ut
829 4333 982 4403 agentur,
1007 4323 1116 4397 credo,

87 4444 211 4489 nervos
230 4418 435 4504 suppeditare
452 4418 562 4483 sciant.
