2618 5108
198 808 272 895 ‚226
493 803 700 910 Praedones
749 803 939 945 Dialogus

90 1070 95 1076 ,
195 942 372 1070 tractantur
387 1019 441 1067 res
459 1002 666 1066 vehementer
683 999 885 1078 necessaria,
893 1009 939 1066 et
957 999 1121 1084 astarpidis
1136 996 1233 1064 Prin-

200 1102 324 1185 cipibus
351 1101 572 1169 admittuntur.
623 1101 722 1186 Quasi
753 1123 833 1166 vero
862 1105 954 1167 nulio
987 1125 1060 1166 curn
1083 1101 1231 1185 periculo

198 1214 312 1281 nostro
352 1203 473 1268 discant
512 1203 582 1281 hic,
623 1203 714 1288 quod
753 1203 905 1267 Pontifici
938 1206 1055 1268 Roma
1093 1205 1233 1286 prodant

152 1390 153 1395 η
199 1317 322 1389 postea.
359 1306 468 1389 Atque
492 1303 592 1387 igitur
611 1315 759 1388 osponte
780 1326 837 1368 sua
855 1304 1002 1369 miseram
1016 1304 1232 1380 Germaniam,

200 1429 273 1492 quae
296 1406 409 1470 videns
430 1426 498 1469 non
517 1405 621 1481 videt,
641 1417 674 1470 et
692 1404 871 1488 intelligens
895 1428 963 1469 non
983 1405 1145 1489 inteiligit!
1165 1407 1232 1469 Sed

166 1559 169 1562 -
201 1507 386 1590 hujusmodi
406 1509 503 1570 multa
527 1508 630 1570 adhuc
649 1518 740 1584 sunt,
770 1529 840 1591 qua·
861 1508 1018 1571 infinitum
1038 1520 1122 1570 esset
1143 1529 1234 1571 com·

199 1629 378 1676 memorare
396 1607 528 1687 singula.
567 1609 679 1692 ltaque
698 1611 795 1671 finem
813 1611 939 1672 tandem
954 1609 1066 1671 faciam
1080 1611 1121 1671 de
1134 1612 1232 1675 sacris

199 1709 410 1777 Proedonibus
429 1709 588 1786 sermoni,
618 1731 714 1793 quem
733 1709 825 1772 nimis
844 1712 976 1792 longum
995 1711 1106 1784 habui;
1142 1713 1232 1794 quod

199 1812 326 1889 interim
345 1822 528 1895 poteramus
548 1810 655 1874 utilius
672 1810 834 1893 quidpiam
853 1812 995 1887 discere,
1014 1813 1068 1876 abs
1083 1823 1114 1873 te
1127 1811 1230 1874 Fran.

199 1913 300 1983 cisoe!
317 1933 414 1997 quem
429 1933 554 1996 aequum
565 1923 632 1989 est,
651 1923 683 1974 et
697 1931 752 1976 tua
764 1913 898 1990 addere,
918 1912 1026 1997 siquid
1040 1913 1230 1997 praeteriisse

196 2013 258 2080 tibi
276 2013 402 2106 videor.

583 2146 837 2211 Franciseus.

274 2249 373 2334 Quod
394 2248 526 2326 addam,
559 2245 594 2310 in
612 2247 759 2331 praesenti
777 2269 845 2311 non
865 2246 981 2311 habeo.
1019 2245 1101 2326 Hic,
1121 2247 1230 2333 siquid

197 2351 309 2427 babet,
329 2349 433 2413 addat.

570 2562 572 2566 Α
603 2481 821 2544 Mercator.
1223 2560 1226 2566 Ι

274 2585 349 2668 Ego
379 2580 509 2667 quidem
534 2581 610 2645 nihil
637 2581 751 2644 habeo.
791 2582 931 2645 Tantum
950 2603 1010 2646 ros
1031 2604 1110 2661 oro,
1132 2594 1229 2676 atque

199 2683 355 2767 obsecro,
379 2701 415 2748 ut
434 2687 466 2746 in
486 2685 591 2765 ipsum
610 2681 809 2765 advigiletis,
830 2705 896 2767 quo
916 2705 935 2745 a
955 2685 1230 2767 perniciosissimis

197 2784 402 2871 praedonibus
433 2785 586 2849 liberetur
614 2784 711 2847 semel
732 2783 911 2847 Germania.
957 2786 1037 2848 Nam
1056 2807 1142 2849 nune
1162 2796 1232 2850 tan·

198 2882 273 2956 dem
291 2910 404 2952 verum
424 2887 567 2962 invenio,
600 2885 690 2969 quod
709 2885 914 2966 promittebas
934 2909 1049 2968 supra,
1083 2901 1231 2954 ostensu·

197 3000 269 3056 rum
289 3001 321 3052 te
350 2989 532 3102 praedones,
556 2986 672 3071 quibus
693 3009 756 3069 prae
776 2987 828 3049 alii
843 2989 1007 3070 praedones
1025 3012 1091 3053 non
1112 3002 1231 3056 essent.

198 3092 353 3156 Proiecto
373 3089 457 3153 enim
476 3086 709 3151 contemnenda
730 3087 831 3151 omnis
851 3088 910 3152 alia
929 3089 1039 3172 rapina
1057 3102 1122 3169 est,
1143 3115 1232 3183 quae·

199 3211 330 3275 cunque
356 3200 450 3253 vexat
470 3187 687 3266 Germaniam,
718 3168 775 3252 ubi
795 3189 836 3253 de
860 3191 919 3254 hae
942 3191 1129 3274 coeperimus
1150 3217 1232 3282 cog-

197 3311 346 3407 noscere.

348 3470 354 3491 .
605 3430 824 3498 Huttenu
905 3475 908 3480 -

244 3537 385 3617 Opera
402 3533 544 3610 dabitur,
576 3543 672 3615 atque
687 3455 824 3616 aliquid
832 3546 911 3617 puto
932 3536 1103 3616 efficietur,
1129 3562 1159 3604 οι
1147 3469 1230 3605 bie

199 3635 380 3718 adjutorem
408 3655 444 3699 se
468 3634 545 3698 mibi
564 3634 660 3700 addet
676 3637 828 3713 alacrem,
860 3658 968 3722 neque
987 3641 1168 3705 auxilium
1158 3664 1229 3727 ipse

198 3757 294 3801 suum
309 3736 484 3800 subtrahet.
582 3765 586 3774 ·

547 3845 841 3944 Fabii'ciscus.

252 3979 350 4063 Ego
371 3975 502 4063 quidem
522 3977 619 4040 adero
639 3970 713 4056 tibi,
741 3981 813 4044 sed
819 3994 929 4046 nactus
955 3967 1173 4066 occasionem,
1194 3997 1230 4053 et

197 4076 395 4211 opportune.
431 4079 513 4142 Nam
530 4089 566 4142 tu
585 4081 675 4143 nimis
694 4082 766 4144 mibi
788 4083 907 4147 videris
926 4107 1112 4167 properare.
1217 4155 1219 4160 ,

535 4304 539 4312 ,
606 4239 821 4306 Hut.tenus

221 4337 378 4423 Quasi
396 4359 477 4402 vero
496 4361 686 4422 properasse
704 4341 763 4407 dici
778 4344 910 4420 debeat,
931 4348 987 4431 qui
1002 4369 1088 4411 nune
1099 4351 1228 4416 tandem

199 4442 335 4528 incipit,
352 4452 385 4505 et
400 4443 596 4523 expectanda
615 4440 656 4506 sit
673 4446 820 4523 occasio,
840 4458 913 4529 post
929 4458 978 4511 tot
996 4448 1084 4514 edita
1101 4450 1169 4515 ab
1158 4450 1227 4517 istis
