2588 5048
387 784 603 891 ttnntooes
649 782 837 888 utuogn
1060 795 1135 873 tta

506 978 729 1043 Mercator.

115 1122 120 1135 ·
139 1128 142 1133 -
183 1081 291 1147 Ettic
307 1079 388 1147 tibet
408 1081 602 1145 concludere
621 1101 802 1146 sermonem
819 1084 921 1160 huuc,
941 1093 988 1160 ut,
1005 1084 1035 1147 ci
1044 1094 1134 1148 uter·

98 1204 177 1268 ,αμα
196 1184 278 1249 ordo
298 1193 480 1247 constanter
499 1182 533 1245 in
553 1182 659 1245 officio
678 1194 825 1260 manent,
844 1185 968 1249 nobiles
987 1184 1054 1249 sitis
1073 1206 1132 1253 vot

99 1305 145 1353 ac
163 1273 337 1368 g'cneroai,
357 1302 418 1347 uos
436 1283 508 1349 fleri
526 1285 699 1367 pessimum
719 1283 797 1349 nihil
815 1298 968 1366 preterea
987 1285 1133 1360 inruunt

491 1417 751 1483 Franciscus.

121 1534 127 1545 ·
180 1516 228 1580 lta
246 1537 375 1581 censeo.
413 1520 495 1583 Nam
514 1529 546 1580 ct
565 1530 674 1583 nostra
693 1521 786 1583 nobis
804 1519 892 1584 initia
910 1518 1052 1583 fuerunt.

432 1638 436 1647 ¹
511 1652 761 1716 Mercator.¹

183 1751 285 1834 Quale
305 1762 388 1814 esset
406 1752 468 1815 hoc
496 1764 616 1831 autem,
645 1755 672 1817 si
693 1753 759 1817 totti
786 1776 805 1817 e
832 1756 938 1819 medio
962 1724 1135 1821 simultate

95 1848 277 1939 ¹possent,
277 1875 367 1967 quae·
366 1873 426 1916 nos
447 1850 597 1916 dirimunt
617 1855 851 1919 communiter?
1119 1926 1128 1963 Ι

486 1987 744 2053 Franciscus.

150 2128 156 2149 ,
185 2086 294 2154 Credo
314 2108 421 2170 posse.
457 2088 539 2152 Nam
558 2111 620 2169 ego
640 2090 769 2175 quidem
790 2090 822 2155 id
840 2089 1010 2174 aliquando
1025 2089 1135 2154 facere

96 2172 240 2303 ὀρθίῳ,
267 2211 334 2275 quo
353 2188 418 2255 istc
438 2212 489 2253 me
508 2192 669 2253 Huttcnus
689 2193 830 2256 sedulo
821 2194 965 2278 instigat,
986 2202 1137 2283 utquam·

104 2301 175 2357 tunt
193 2287 227 2353 in
247 2313 297 2355 nte
313 2291 368 2367 sit,
392 2304 485 2356 antor
506 2295 577 2354 tiam
594 2294 700 2357 ordini
719 2308 847 2373 nostro,
868 2304 1030 2380 perpetue
1048 2311 1135 2401 conq-

99 2393 262 2477 poncudc
282 2413 356 2456 cum
374 2392 482 2457 liberis
502 2393 722 2457 civitatibus
701 2397 819 2477 gratie.

506 2511 727 2576 Mercator.

184 2611 282 2692 Quod
301 2623 336 2674 tu
356 2611 476 2675 utinam
495 2611 627 2693 incipias
646 2612 900 2696 quamprimum,
925 2625 958 2676 et
976 2614 1138 2697 inceptu
1176 2599 1179 2605 .

105 2716 308 2799 persequaris
328 2712 600 2790 constantissime,
620 2724 717 2798 teque
738 2715 888 2779 obfirmes
906 2714 969 2780 itit

485 2832 746 2896 Franciscus.

182 2929 281 2997 certe
297 2930 448 2997 meditor.

513 3051 732 3116 Hnttenue.

182 3149 291 3216 Jub'co
311 3170 441 3230 sperare
459 3162 510 3231 tc,
531 3154 635 3217 faciet.

516 3277 741 3342 Mercator.
1099 3342 1102 3346 ,

186 3374 321 3440 Gratum
341 3375 449 3441 audio.
487 3376 568 3445 Num
587 3378 697 3441 videre
718 3376 853 3452 videor,
874 3397 944 3460 qun
963 3375 1036 3438 huic
1052 3373 1140 3436 bont

107 3475 286 3540 Germani-n
308 3499 472 3542 accessura
492 3480 570 3554 sint,
594 3501 688 3565 qnmn
708 3489 814 3555 unctu,
838 3496 998 3562 quamque
1018 3464 1138 3537 florens

106 3597 146 3640 ea
158 3622 168 3655 ‚
188 3577 215 3642 si
235 3579 400 3663 contingat
421 3581 500 3656 hoc,
521 3578 630 3643 sutura
650 3579 708 3642 sit:
1122 3570 1125 3577 ’

497 3706 759 3768 Franciscus.

184 3803 294 3889 Atque
314 3826 377 3889 ego
397 3805 515 3882 vitico3
548 3807 590 3868 ob
620 3805 720 3889 idque
746 3804 885 3869 studium
909 3800 984 3865 mihi
1012 3799 1141 3889 jampri-

107 3903 183 3969 dem
205 3904 351 3983 incessit,
382 3907 489 3992 siquid
509 3906 643 3970 consilio
663 3906 779 3989 possim
799 3919 831 3967 ct
850 3902 1072 3969 exhortatione
1089 3902 1141 3973 vel

109 4006 278 4069 autoritate
302 4007 391 4071 ctiam
404 4055 413 4086 ‚
435 4009 641 4073 concordiam
664 4009 745 4071 hanc
767 4005 948 4070 inducendi.
986 4002 1142 4068 Sedatios

107 4128 339 4193 persequamur
360 4111 546 4175 Prrcdoncs.
1119 4098 1126 4103 ’

511 4235 732 4299 Mercator.

186 4335 240 4399 Sic
258 4336 403 4413 videtum
433 4349 466 4401 et
493 4337 550 4422 qui
569 4346 644 4402 aurit
664 4337 757 4443 tortio
790 4335 865 4396 loco
885 4354 942 4418 qur
933 4330 1142 4413 praedantur

108 4441 140 4507 itt
160 4437 360 4503 Germania?
1046 4470 1050 4477 ·
