2618 5108
199 809 273 886 ω
545 809 707 930 Spongia
729 811 872 885 Erssrni

201 1000 337 1085 aliquam
352 1001 392 1063 de
411 1001 610 1083 dogmatibus
623 1002 880 1068 Lntherianim‘o
899 1004 1015 1083 rideo,
1035 1010 1118 1071 huno
1130 1006 1225 1075 libel·

199 1106 267 1168 ltun
286 1103 387 1166 luisse
406 1103 480 1166 alibi
498 1113 625 1179 natum,
645 1104 770 1199 sedhic
788 1120 830 1167 ex
851 1107 1059 1170 delationibus
1081 1130 1224 1192 quernos

200 1205 273 1268 llam
291 1206 379 1265 velut
397 1203 508 1265 assutis
530 1201 641 1284 pannis
660 1214 796 1267 anetum.
835 1207 917 1268 Naar
934 1219 966 1290 et
977 1209 1065 1271 stilus
1085 1211 1223 1292 ineque·

192 1306 239 1369 tis
268 1315 336 1379 est:
368 1315 402 1365 et
430 1324 558 1384 estpars
579 1304 770 1368 elaboratior
791 1316 853 1381 est,
886 1328 978 1388 quam
1009 1310 1133 1391 scripsit
1163 1330 1221 1391 μοι
1263 1357 1265 1359 ,

197 1405 311 1469 otium.
349 1406 462 1467 Utrum
484 1394 588 1467 autem
608 1416 655 1467 ert
673 1406 836 1468 honestius
844 1452 856 1482 „
886 1410 1031 1489 accipere
1060 1409 1221 1490 praemium

197 1516 218 1569 d
237 1502 362 1569 Caesare
382 1498 418 1566 ao
438 1506 613 1580 Pontifioe,
645 1517 680 1566 ut
699 1505 839 1586 disputes
859 1510 1012 1572 adversus
1031 1511 1218 1586 Lutliorum5

197 1612 239 1671 ‘tit
263 1629 281 1669 a
303 1605 469 1670 lllonachis
490 1606 635 1686 accipere
654 1607 851 1681 mercedem,
881 1619 917 1670 ut
935 1609 1087 1671 conviciis
1107 1611 1220 1674 talilnn

196 1708 336 1771 incessas
367 1705 526 1770 amisum?
568 1705 662 1768 Dicat
697 1705 795 1788 igitur
822 1708 915 1771 nobis
945 1709 1104 1771 Hutlenus
1133 1710 1219 1771 hona

197 1809 285 1884 ilde,
316 1828 411 1892 quam
441 1808 535 1869 ollam
555 1805 732 1887 objecerint
752 1808 902 1876 lllouaehi
921 1829 957 1869 ao
976 1810 1151 1890 'l'heologi‚
1182 1820 1218 1871 ut

196 1909 230 1972 ln
248 1928 298 1972 me
315 1911 456 1983 latraret,
480 1919 511 1968 et
530 1928 593 1988 ego
613 1903 748 1981 fatebor,
769 1907 846 1990 quid
861 1908 1035 1987 acceperim
1055 1931 1073 1970 a
1093 1908 1219 1971 Crestus

195 2030 233 2075 ao
244 2010 411 2084 Pontifice,
432 2018 467 2072 ut
483 2009 653 2071 scriberem
669 2008 702 2069 in
719 2009 905 2070 Lutlierum.
942 2008 1098 2071 Fortassis
1119 2010 1220 2071 inticis

197 2111 301 2174 abitur
319 2126 399 2175 'esse
424 2132 555 2185 verum,
589 2109 676 2192 quod
704 2119 752 2169 est
779 2107 849 2169 veri
875 2095 1081 2183 simillimum,
1115 2121 1219 2173 tamen

188 2199 272 2274 'titud
291 2220 434 2286 constat,
463 2211 619 2273 neminem
639 2229 777 2290 unquam
802 2206 918 2270 fecisse
938 2208 1056 2290 gratius
1074 2210 1219 2272 hostibus

195 2311 332 2377 Iau'the'ri
352 2331 387 2372 ac
406 2311 561 2373 bonarum
577 2310 754 2382 literarum,
777 2329 871 2390 quam
887 2309 937 2370 hic
955 2309 1031 2380 lecit
1046 2311 1218 2374 Huttenus.

193 2396 267 2493 llgo
286 2412 464 2473 Lutlrarutn
483 2411 624 2491 degravo
644 2395 779 2485 invidia,
801 2411 857 2492 qui
873 2409 1091 2471 Lovanienser
1112 2414 1218 2491 appel·

192 2511 253 2573 lem
270 2510 480 2573 Reveremlos
501 2502 627 2583 Patres3
649 2509 717 2591 ipse
737 2521 899 2591 protector
920 2521 967 2572 est
986 2511 1138 2585 Lutlreri,
1159 2511 1217 2592 qui

192 2608 335 2675 hostibus
370 2611 452 2694 illius
487 2613 566 2674 hano
597 2612 661 2694 agit
697 2611 833 2672 fabulam
863 2612 960 2690 louge
1000 2611 1217 2689 gratissimoms

192 2713 279 2776 Nihil
306 2713 388 2776 enim
408 2697 468 2776 illis
499 2702 627 2787 occidit,
654 2711 740 2772 unde
761 2708 859 2790 magis
879 2710 1062 2771 sustulerint
1093 2711 1216 2786 cristan,

192 2815 346 2898 quodque
366 2813 423 2874 illis
443 2813 539 2895 magis
559 2812 713 2874 addiderit
736 2811 878 2882 animos,
898 2830 992 2890 quam
1011 2809 1062 2871 hio
1081 2811 1216 2888 Huttsnl

191 2913 325 2976 lilt‘ellus.
364 2915 432 2977 Jam
460 2912 536 2975 mihi
555 2913 665 2974 videre
696 2911 826 2985 videor,
859 2910 1003 2991 undique
1032 2911 1215 2989 gestientes,

191 3006 412 3090 subsilientes,
439 3014 499 3076 sibi
518 3015 706 3094 gratulantes
727 3013 862 3073 devotos
882 3010 1037 3070 bonarum
1056 3009 1217 3072 literarum

190 3113 228 3174 tle
250 3114 435 3196 Theologiae
454 3114 635 3175 sincerioris
660 3117 785 3186 hostes,
816 3110 957 3170 Lovanii
976 3111 1216 3173 Ecmondanunr

190 3200 224 3276 el
251 3212 471 3289 Vilieentinm,
522 3215 657 3275 Lutetiae
696 3214 777 3273 duos
815 3210 973 3290 praecipue
1016 3212 1215 3291 'l'neologos

189 3312 321 3400 dltdrum
347 3325 522 3399 Qasr-urm,
552 3319 682 3377 alterum
712 3324 895 3388 Barnaeum,
934 3310 1075 3372 Coloniae
1109 3322 1216 3376 Theos

190 3427 331 3487 derisum
362 3416 571 3496 Novimagum
599 3430 671 3476 eum
699 3434 758 3478 sito
786 3415 917 3475 sordido
950 3414 1115 3485 sodalitio;
1145 3413 1216 3475 sors

189 3513 281 3581 lassis
312 3526 345 3580 et
370 3518 403 3578 in
428 3518 544 3598 Anglia
576 3516 678 3576 Leum
710 3536 782 3576 eum
812 3526 991 3580 Staudicio.
1040 3516 1157 3575 Omnes
1181 3513 1215 3578 lii

191 3614 403 3700 Triumphum
423 3619 576 3680 adornent
592 3618 752 3691 Hutteuo,
773 3616 913 3678 certatim
937 3615 1161 3698 applaudentes
1181 3623 1214 3675 et

189 3718 543 3802 adclamantes:„Mocte
557 3715 685 3791 virtute,
703 3721 819 3798 equosl
841 3717 938 3791 βάλλ’
956 3718 1056 3781 istest
1076 3718 1212 3780 Conlieo

187 3808 283 3882 nobis
304 3820 467 3879 Erasmum
488 3819 591 3891 illum,
613 3817 669 3900 qui
689 3816 821 3881 invectis
840 3819 932 3881 novis
955 3820 1069 3897 linguis
1091 3844 1126 3882 ac
1144 3818 1214 3882 lites

186 3918 232 3980 ris
253 3928 396 3999 'regnum
426 3930 568 3980 nostrum
588 3919 806 3980 labefactavit!
838 3918 914 3999 Eja!
948 3921 1078 3982 Talibus
1101 3922 1211 3983 libellis

185 4018 285 4080 redde
315 4017 420 4079 literas
451 4016 542 4093 istas,
577 4039 654 4099 quas
687 4019 814 4100 qnidam
845 4020 925 4081 lalso
954 4034 1070 4081 vocant
1098 4024 1214 4097 bonas·

186 4116 302 4180 invisas
324 4117 543 4198 PrincipibuS‚
563 4117 680 4181 invisas
699 4118 872 4195 juventuti,
908 4142 980 4183 eum
1000 4122 1207 4195 veterina-ln

185 4216 232 4282 his
253 4240 321 4281 esse
342 4226 461 4280 tantun't
481 4219 670 4293 airuleutire,
699 4241 757 4280 nee
780 4222 811 4281 in
831 4223 915 4282 aliud
934 4225 1057 4296 valere}
1076 4223 1148 4283 uisi
1169 4226 1210 4284 ort

184 4318 368 4382 calumniam
386 4319 561 4394 bonorum,
583 4331 615 4382 et
633 4321 823 4382 seditionem
843 4323 1075 4383 concitandam!
1097 4325 1214 4387 Prode.

185 4420 331 4500 mysteria
351 4420 551 4501 poeticorum
570 4426 753 4504 orgiorum,
785 4422 915 4503 inspires
943 4423 1126 4507 i‘rtntunuge,¹
1150 4415 1206 4489 itli-
