2618 5108
392 41 511 260 .
546 239 566 250 ο
728 232 761 243 ,-
885 226 967 239 ,Ν-

111 249 382 274 *qa-*⁶⁶*

450 760 631 836 Arminius
654 758 840 860 Dialogus.
1084 742 1162 846 Μ’

140 968 203 1046 ega
220 950 347 1040 penit'us
367 957 581 1039 proculcatam
600 965 633 1018 et
653 954 842 1039 discerptam
852 952 943 1019 brevi
955 943 1162 1021 Germaniam

137 1058 270 1126 r'estitui.
311 1062 508 1141 Quamquam
536 1058 585 1120 rei
610 1055 709 1138 ipsius
735 1056 983 1140 magnitudinem
1016 1076 1082 1118 non
1111 1046 1164 1122 est'

139 1163 228 1249 quod
257 1161 364 1223 verbis
394 1181 457 1242 ego
488 1157 614 1240 assequi
641 1160 800 1237 studeam,
831 1159 892 1241 ipsi
924 1160 1068 1247 quotidie
1106 1161 1164 1227 hic'

137 1276 262 1328 veteres
294 1260 431 1324 Romani
460 1263 635 1343 loquuntur
664 1262 742 1332 hoc,
777 1272 899 1342 quante
928 1262 972 1326 eis
993 1255 1168 1351 calamitati>

136 1362 254 1429 luerim
273 1377 362 1438 tunc,
395 1380 488 1446 quam
507 1361 620 1424 misere
640 1360 887 1440 potentissimam
902 1364 1079 1438 civitatem,
1100 1362 1159 1425 im·

138 1464 262 1549 perium
292 1462 545 1525 florentissimum
566 1459 782 1538 conluderim,
817 1472 850 1524 et
880 1466 968 1549 quod
993 1486 1064 1531 non
1080 1464 1167 1527 alius·

137 1550 236 1648 riragis
277 1562 346 1626 illos
374 1584 480 1626 rerum
507 1562 652 1623 dominos
691 1573 882 1647 gentemque
910 1552 1046 1647 togatam
1071 1566 1158 1629 ritett'i

138 1673 171 1728 et
183 1665 394 1746 trepidatione
412 1661 670 1725 consternaverit.
711 1661 808 1725 Certe
824 1663 923 1739 enim,
942 1666 1030 1748 quod
1043 1650 1157 1727 luben

123 1765 270 1828 effecisti
301 1764 478 1838 Hannibal,
516 1763 555 1824 ad
583 1760 671 1824 urbis
700 1784 804 1847 usque
830 1772 937 1843 portas
958 1762 1157 1851 obequitans,

138 1862 201 1947 ego
232 1864 264 1926 in
290 1866 398 1926 ultima
426 1863 612 1926 constitutus
643 1862 827 1938 Germania,
861 1877 947 1926 tanto
980 1867 1156 1939 intervallo,

138 1964 186 2026 t'ot
216 1964 328 2028 mediis
366 1963 548 2026 fluminibus
588 1982 624 2023 ae
659 1964 844 2042 paludibus,
882 1977 929 2041 tot
963 1962 1160 2045 interpositis

138 2054 299 2126 montibus
330 2085 367 2125 ae
393 2063 489 2140 locis,
518 2065 604 2124 nullo
638 2062 742 2124 dum
734 2064 846 2126 ttinere
866 2065 1025 2130 hominum
1046 2064 1159 2144 explo-

140 2164 214 2227 ratis
245 2176 299 2225 aut
334 2164 487 2247 cognitis,
519 2163 594 2245 ipsis
626 2164 716 2224 etiam
749 2166 968 2228 dirimentibus
1006 2165 1159 2229 montium

139 2264 292 2326 altissimis
327 2264 481 2342 Alpibus,
523 2283 563 2325 eo
595 2249 842 2342 ‹lesperationis
860 2266 979 2350 adegi
999 2254 1162 2328 civitatem

139 2366 330 2426 Romanam.
364 2376 400 2426 ut
424 2364 474 2425 illc
502 2363 665 2448 depastus
702 2367 894 2447 Imperator,
934 2384 1044 2450 quern
1057 2364 1166 2435 sottum.

141 2464 261 2549 alioqui
281 2478 437 2548 perpetuo
459 2465 583 2528 felicem
602 2481 717 2529 vocant
735 2469 895 2543 homines,
923 2479 955 2529 ct
975 2488 1041 2551 quo
1062 2456 1170 2529 n'er‘rio¹

130 2564 322 2646 potentior,
343 2568 432 2645 quod
453 2587 562 2630 omnes
582 2567 699 2643 sciunt,
734 2564 867 2650 imperio
887 2568 929 2631 illi
949 2566 1089 2651 praefuit,
1116 2568 1168 2630 ita'

141 2664 298 2728 obstinate
329 2671 463 2748 primum
493 2670 573 2731 mori
602 2670 796 2745 decreverit,
835 2691 876 2732 ne
914 2668 1038 2732 videret
1067 2677 1159 2750 puto,

141 2766 230 2848 quod
248 2767 322 2828 nillil
345 2769 376 2829 in
408 2781 543 2832 mentem
566 2792 726 2853 nunquam
746 2781 894 2843 venerat,
930 2770 1065 2835 Romam
1090 2769 1161 2849 capi

140 2889 157 2928 a
177 2886 245 2944 me,
273 2885 309 2930 ut
328 2881 421 2950 eaput
441 2870 565 2932 loribus
587 2871 707 2933 illisisse
727 2892 800 2933 eum
820 2860 978 2932 memoriae
998 2867 1174 2949 proditum'¹

139 2967 199 3043 sit,
220 2971 345 3033 tandem
366 2972 516 3033 excubias
538 2982 602 3033 tota
618 2972 708 3046 urbe,
729 2971 760 3032 in
775 2970 873 3052 portis
887 2971 1050 3044 stationes,
1069 2978 1162 3031 extra

139 3069 283 3148 p'raesidia
304 3070 514 3150 disposuerit,
535 3072 713 3134 rectoribus
740 3068 976 3152 provinciarum
995 3068 1162 3150 imperium

140 3170 382 3250 prorogaverit,
413 3169 489 3233 Jovi
530 3172 658 3251 Optimo
688 3172 844 3246 Maximo,
879 3170 905 3232 si
934 3172 966 3232 in
999 3158 1164 3233 meliorem

139 3268 252 3329 elatum
286 3269 434 3331 vertisset
456 3272 710 3351 Rempublicam,
751 3292 880 3354 magnos
911 3272 1005 3335 ludos
1024 3267 1163 3332 vov'erit.

140 3366 303 3443 Breviter,
335 3368 377 3430 ita
396 3371 437 3432 de
457 3393 564 3434 rerum
584 3393 703 3434 summa
731 3360 973 3446 consultaverit,
1002 3390 1038 3432 ac
1056 3368 1091 3429 in
1110 3386 1164 3430 su-

140 3490 249 3549 prema
268 3469 454 3533 necessitate
476 3472 545 3534 lteri
565 3475 661 3549 solet,
682 3493 789 3556 neque
810 3472 870 3533 alio
886 3483 1030 3552 tempore
1049 3465 1165 3529 sollici·

140 3569 201 3631 tius
222 3582 348 3634 cautum
367 3573 444 3634 illud
459 3574 568 3635 Romae
591 3574 649 3650 sit,
670 3573 805 3656 nequid
824 3568 1003 3634 detrimenti
1016 3565 1166 3648 Respub0'

139 3670 198 3732 lica
232 3684 383 3754 caperet,
425 3694 526 3753 pavor
558 3673 679 3756 ubique
718 3671 957 3734 confusissimue
1000 3668 1166 3732 bominum

139 3780 261 3833 mentes
280 3774 461 3853 perculerit.
509 3773 585 3836 Fuit
616 3774 699 3836 enim
720 3773 902 3857 gravissima
926 3772 991 3832 hacc
1011 3766 1164 3834 Romania

141 3860 261 3944 clades,
292 3893 381 3953 paene
412 3873 579 3937 exitiabilis
610 3875 712 3937 etiam.
762 3876 806 3936 Et
831 3875 892 3935 hoc
912 3881 1049 3951 coeptum
1069 3878 1166 3952 atque

141 3966 317 4049 perlectum
339 3994 356 4033 a
377 3995 427 4034 me
449 3987 513 4051 est,
534 3976 663 4037 conciso
683 3986 779 4058 atque
799 3974 948 4054 pervulso
973 3970 1165 4054 penitusque

142 4068 290 4153 deposito
317 4072 492 4136 Germaniae
512 4088 611 4152 statu,
630 4076 712 4139 illius
732 4094 812 4136 vero
830 4071 1024 4151 Reipublicae
1047 4072 1166 4132 floren-

142 4160 268 4233 tissimis
289 4174 403 4250 rebus,
424 4175 553 4238 fortuna
571 4174 813 4248 secundissima,
833 4170 975 4234 maximis
988 4169 1167 4231 incremen-

142 4271 192 4345 tis,
213 4292 286 4334 eum
299 4295 405 4357 neque
418 4288 453 4338 ut
464 4278 648 4341 Alexander
663 4300 679 4340 a
691 4286 778 4359 patre
789 4292 933 4355 regnum,
948 4282 1054 4354 neque
1067 4280 1101 4331 ut
1114 4269 1167 4330 isti

145 4391 163 4432 a
175 4370 291 4435 Senatu
305 4376 481 4441 exercitum
494 4400 564 4441 cum
575 4375 919 4459 imperioaeeepissem.
939 4370 1066 4436 Deinde
1087 4370 1167 4434 alios

179 4476 245 4521 nuti.
269 4477 313 4533 op.
331 4479 412 4526 arv,
605 4463 608 4468 ’
780 4468 825 4532 38
