2618 5108
139 818 213 893 Μ
425 813 628 913 Pmdoaes
673 811 861 913 Didogua

137 1000 211 1067 otio
230 1012 265 1067 ot
275 1004 438 1087 vobrptate
455 1006 582 1086 degent,
606 1024 706 1088 rogae
715 1004 776 1069 ribi
787 1016 821 1069 et
830 1002 963 1086 inperia
975 1003 1161 1084 muitum.

140 1103 206 1167 Ubi
223 1113 272 1166 ert
289 1104 375 1172 euim
402 1105 462 1169 alie
478 1105 639 1169 hominum
663 1117 766 1182 uecta,
792 1108 1079 1191 ,queretuptaten
1096 1102 1161 1185 coir

140 1202 205 1267 tius
223 1213 352 1282 tractet,
381 1225 418 1266 ac
436 1207 562 1269 delicias
582 1205 624 1269 ita
643 1206 701 1275 sibi
722 1219 887 1288 procuret,
907 1228 980 1279 cum
996 1206 1077 1275 uuili
1092 1226 1162 1275 tm·

142 1303 192 1389 gir
210 1303 350 1383 labores,
372 1316 405 1369 et
425 1305 503 1371 dure
521 1306 626 1371 omnia
645 1307 847 1389 competant?

550 1422 769 1485 Mercator.
1001 1472 1004 1477 .

222 1522 386 1609 Nusquam
423 1531 480 1589 eat·
536 1524 660 1589 Verum
688 1524 729 1595 ad
759 1521 944 1589 Curtisanoo
982 1519 1061 1607 quid
1094 1519 1162 1582 brec

142 1619 274 1695 omrria?

547 1739 755 1805 Huttenur.

221 1836 295 1899 Hoc
314 1837 459 1914 demum,
477 1839 566 1921 quod
586 1837 720 1905 Romani
730 1838 889 1901 Pontificio
907 1832 1036 1916 negotia
1046 1839 1166 1917 gemant

140 1945 177 2003 ‚et
193 1935 339 2018 regnanti
363 1935 395 1999 ei
419 1936 502 2000 vires
528 1937 701 2010 sufficiunt3
734 1956 840 2019 neque
865 1947 968 1999 tantus
993 1945 1078 1997 esset
1098 1927 1180 2011 itte,

143 2033 173 2099 oi
198 2050 275 2099 nort
301 2035 380 2107 scite
411 2036 545 2101 officium
578 2035 638 2117 ipsi
667 2035 818 2100 iacerent.
865 2036 990 2098 Horum
1019 2024 1165 2127 libidinp',

145 2134 294 2212 avaritia,
330 2148 362 2199 et
381 2126 549 2198 ambitione
568 2137 620 2210 fit,
639 2144 676 2197 ut
694 2145 806 2215 regnet
823 2133 1032 2197 Antichristus
1053 2126 1167 2207 Bond-

143 2233 210 2299 ἴοι.
258 2235 304 2297 Hi
331 2236 475 2298 satellites
503 2244 576 2298 eunt
600 2232 739 2313 improbi
767 2224 904 2312 domini,
934 2244 965 2296 et
997 2224 1166 2319 iropoteriti

143 2349 278 2395 onerant
316 2354 375 2396 noe
405 2332 579 2412 tyrannide.
636 2332 700 2415 Ipsi
729 2335 813 2396 enim
844 2325 1046 2399 instituerunt
1078 2324 1165 2410 euni,

141 2441 176 2493 et
195 2431 299 2494 veluti
318 2431 431 2513 impius
450 2434 484 2494 in
505 2435 631 2495 deserto
651 2433 806 2515 populus,
835 2432 982 2514 conjecto
1003 2431 1166 2516 inignem

142 2552 241 2607 auro,
273 2553 393 2597 novum
429 2534 534 2596 Deum
563 2535 740 2599 conflarunt
771 2531 847 2607 sibi,
885 2530 938 2595 cui
968 2535 1038 2614 plue
1065 2554 1167 2616 quam

144 2631 292 2695 divinum
311 2635 427 2697 cultum
448 2634 582 2711 faciant,
602 2634 656 2696 eui
685 2634 784 2695 festos
812 2632 878 2694 elios
898 2645 1009 2714 agant,
1038 2643 1069 2694 et
1097 2653 1168 2695 oar·
1202 2628 1208 2633 ’

138 2733 229 2798 minu
256 2732 378 2811 dicant,
408 2755 505 2815 quem
523 2735 644 2818 ubique
670 2733 856 2813 praedicent,
884 2744 916 2796 et
941 2732 981 2795 ab
1006 2731 1168 2810 omnibus,

136 2845 306 2920 quotquot
338 2854 467 2912 sumus,
501 2834 685 2899 Christianis
715 2831 840 2896 adorari
870 2833 979 2903 velint,
1024 2831 1084 2895 His
1109 2851 1170 2895 aa·

58 2967 60 2970 >
138 2934 266 2998 toribus
308 2936 362 3012 fir,
408 2944 444 2996 nt
483 2957 553 3018 qum
587 2935 723 3016 majores
763 2933 865 2997 nostri
901 2934 1025 3017 pietati·
1057 2932 1167 2999 studim

140 3033 287 3098 eeclesiis
309 3036 515 3097 contulerunt
534 3035 602 3111 hic,
620 3035 806 3117 sanguinem
825 3034 996 3103 scilicetne
1016 3035 1170 3099 sutore·

142 3155 253 3209 soum,
287 3154 326 3197 ea
356 3135 483 3215 pessimi
517 3146 607 3196 extra
636 3135 779 3199 homines
808 3135 842 3197 in
882 3138 962 3197 luxu
994 3134 1170 3216 prodigut

138 3233 338 3313 ‹urrpitsirne
392 3235 433 3296 Hi
453 3234 677 3316 impedimento
705 3246 779 3298 srrnt
809 3235 903 3297 bonis
926 3234 1111 3318 quibusque
1132 3240 1171 3299 et

143 3334 245 3398 ductio
278 3335 311 3397 in
342 3335 511 3397 Germania
539 3335 736 3412 hominibus,
764 3336 933 3419 quominus
951 3337 1170 3416 provehuntur

142 3436 177 3499 in
196 3436 348 3511 ecelesia,
369 3437 457 3519 quod
477 3435 547 3497 fieri
566 3436 686 3498 debuit.
724 3438 832 3519 Atque
852 3437 893 3498 ita
911 3437 1029 3499 sactum
1047 3452 1114 3512 ort,
1133 3446 1171 3499 ut

142 3538 203 3624 qui
228 3538 342 3600 vivunt
368 3537 635 3620 inquinatissime,
665 3536 696 3598 hi
724 3537 866 3619 principe
886 3539 958 3599 loeo
977 3558 1067 3601 sacra
1084 3548 1169 3601 trao-

142 3651 225 3715 tent,
249 3638 373 3719 optimis
392 3638 453 3699 iltis
474 3640 563 3700 iocus
584 3660 649 3701 non
669 3639 718 3698 sit.
756 3639 836 3700 Nam
851 3637 923 3720 quis
940 3638 1047 3700 bonus
1061 3656 1171 3715 emeqe

144 3744 241 3803 vellet
260 3739 496 3815 Sacerdotium,
516 3751 548 3803 et
566 3737 813 3822 Episcopatum?
840 3738 883 3801 Ar
901 3758 960 3820 per
979 3739 1037 3800 hor
1056 3740 1111 3813 iit,
1124 3747 1172 3805 tut

147 3841 371 3905 sacerdotalem
388 3843 521 3922 gratiam*
535 3843 631 3923 gratis
647 3860 741 3903 nemo
762 3839 906 3919 accipiat,
926 3848 1036 3900 contra
1049 3834 1172 3901 Christi

140 3928 317 4003 doctrinam
345 3962 380 4002 ac
398 3962 520 4003 moreni
541 3941 760 4022 Apostrdicum
778 3940 952 4002 manifeste.
989 3938 1103 4019 ltaque
1121 3936 1171 4001 ni·

143 4043 186 4105 hit
205 4043 360 4116 inveniri,
390 4042 465 4103 nihii
485 4043 617 4123 eogitari
645 4043 692 4106 his
711 4042 842 4122 dignum
861 4051 976 4120 potest.
1028 4039 1173 4100 Totin—

142 4143 281 4210 manium
321 4148 478 4207 scelerum
516 4166 607 4206 eausa
642 4155 731 4218 sunt,
764 4152 825 4203 tam
863 4142 1016 4201 malorum
1053 4138 1171 4220 partin

145 4246 363 4325 exemplorum
384 4257 522 4308 autores.
559 4247 639 4307 Narn
659 4247 723 4306 lune
744 4243 869 4304 demum
889 4251 938 4302 est
956 4239 1084 4319 publiea
1101 4246 1172 4301 mio·

141 4367 213 4409 rum
232 4347 411 4426 pernicies,
439 4346 511 4407 vitoe
532 4349 710 4431 corruptele
728 4344 793 4405 inec
813 4352 869 4402 est.
908 4342 1022 4421 Neque
1041 4337 1096 4400 utti
1115 4338 1169 4401 atti

140 4446 356 4530 impudentius
372 4447 445 4512 mali
465 4456 555 4523 sunt,
588 4447 677 4531 quod
696 4455 727 4509 et
756 4442 891 4525 pessime
910 4440 1000 4506 i'aotia
1023 4436 1165 4505 ecelesia

223 4690 234 4733 i

192 4850 250 4923 ff.
