2618 5108
136 822 209 907 202
422 825 624 906 Praedones
671 822 859 926 Dialogus

541 1017 760 1081 Mercator.

212 1117 407 1184 consulatur
431 1119 577 1194 tandem,
614 1137 651 1180 ac
682 1116 829 1182 omnibus
855 1119 952 1181 semei
981 1118 1160 1194 conveniat,

138 1231 175 1285 ut
196 1221 272 1305 quia
289 1220 417 1303 publico
436 1219 542 1305 gravia
568 1229 617 1283 eat
639 1218 721 1282 ordo
743 1218 820 1296 iste,
841 1218 970 1301 publico
995 1229 1162 1281 censeatur

141 1322 287 1387 consilio.
303 1360 307 1367 ,

523 1476 777 1543 Franciscus.

216 1577 404 1646 Conveniat.

538 1735 746 1798 Hnttenus.

216 1834 320 1898 Etiam
349 1857 409 1918 per
436 1856 498 1898 me.
554 1835 669 1918 Neque
689 1832 774 1895 enirn
806 1833 914 1916 quales
940 1850 1010 1894 esse
1042 1835 1163 1896 debent

143 1935 349 2013 Sacerdotes,
374 1957 459 1999 nunc
478 1944 572 2011 sont,
600 1945 697 1996 etex
721 1931 840 1996 Christi
871 1931 1013 1995 instituto
1037 1933 1162 1998 vivunt.

140 2034 224 2102 Cum
261 2035 345 2100 enim
374 2033 562 2116 temporaria
590 2033 648 2097 ista
678 2031 860 2113 longissime
887 2032 927 2094 ab
957 2053 992 2095 se
1022 2045 1161 2097 statuere

139 2136 310 2214 deberent,
350 2135 384 2201 in
412 2134 487 2199 solis
513 2133 622 2197 animis
654 2144 828 2217 occupant,
856 2153 892 2193 ac
918 2134 1014 2196 rebus
1038 2155 1161 2198 summe

140 2237 265 2303 frivolis
299 2257 428 2318 operam
453 2235 538 2297 dant.
596 2235 633 2296 ln
666 2233 810 2315 praesenti
839 2232 923 2295 enim
952 2231 1056 2297 dulcia
1088 2258 1160 2320 quaa

138 2348 229 2414 sunt,
259 2359 296 2400 ea
321 2345 495 2410 sectantur,
525 2355 563 2397 ea
594 2337 862 2415 complectuntur,
895 2353 931 2393 ac
952 2355 1012 2413 pro
1030 2335 1161 2399 summit

137 2438 263 2502 habent.
301 2436 339 2497 ln
360 2436 503 2498 futurum
518 2456 584 2497 non
601 2436 786 2509 consulunt,
807 2455 912 2516 neque
928 2431 1022 2517 hujus
1039 2435 1162 2500 iaciunt

102 2546 106 2560 “·
139 2534 191 2599 ida
219 2546 356 2597 venturae
382 2532 455 2597 vitae
474 2535 577 2612 bona,
598 2554 668 2620 quac
687 2553 755 2598 esse
777 2545 839 2597 tam
861 2535 1076 2619 enloquuntur
1092 2548 1160 2603 tan·

137 2649 221 2713 turn,
249 2655 315 2697 non
341 2636 476 2700 credunt
504 2638 606 2702 etiarn.
655 2636 734 2697 Nam
758 2631 785 2695 si
810 2635 995 2711 crederent,
1025 2657 1092 2698 non
1111 2634 1160 2700 sic

136 2735 227 2800 luxui
258 2748 424 2813 vacarent,
464 2747 496 2797 et
518 2735 654 2800 officium
680 2735 878 2812 desererent,
917 2734 1059 2799 homines
1082 2737 1158 2802 nihii

136 2835 249 2919 spiritu
280 2847 414 2900 utentes.
456 2836 579 2901 Verum
603 2834 717 2899 intuitu
746 2835 846 2898 carnis
878 2848 1008 2919 agentes
1042 2840 1157 2917 omnia,

137 2938 230 3001 etiam
266 2939 445 3015 cogitantes.
508 2938 599 3017 Quos
629 2935 772 2996 videmus
803 2949 965 3019 unguenta
995 2937 1092 3016 aiios,
1124 2951 1159 3004 et

139 3037 356 3103 suavissimum
381 3055 540 3121 quemque
564 3037 697 3098 odorem
722 3036 856 3098 molliter
876 3039 1059 3117 flagrantes,
1078 3040 1183 3108 alios.

139 3137 375 3218 spurcissimum
411 3135 542 3200 fornicis
569 3155 719 3215 vaporem
760 3137 844 3198 foede
875 3141 1067 3221 perolentes.
1114 3145 1159 3208 Et

137 3248 241 3302 tanaen
261 3238 446 3303 Sacerdotes
474 3246 627 3300 vocantur
653 3234 846 3314 hujusmodi.

516 3389 769 3459 Franciscus.

214 3498 258 3560 Et
277 3497 338 3559 soli
363 3515 451 3575 pene
469 3490 593 3555 divitias
610 3491 716 3576 quiete
731 3493 905 3576 possident.

533 3664 752 3730 Mercator.

213 3766 275 3828 Hic
293 3764 479 3847 respiramus
510 3776 717 3841 mercatores,
738 3788 819 3848 quos
844 3767 886 3829 ob
903 3768 1046 3850 quaesitas
1067 3769 1157 3853 cupi·

140 3865 210 3931 dius
231 3887 327 3948 opes,
348 3875 488 3928 extreme
514 3866 737 3931 condemnasse
759 3865 960 3933 videbamini.

520 4020 775 4086 Franciscus.

215 4122 323 4187 Dixin'
345 4142 424 4182 vero
456 4141 637 4203 superesse,
677 4123 792 4207 quibus
825 4146 888 4207 prae
913 4124 963 4188 alii
989 4127 1155 4209 praedones

139 4246 206 4290 non
228 4220 438 4288 viderentur?

430 4372 433 4377 '
543 4362 757 4427 Mercator.

214 4462 348 4542 Dixisti,
368 4474 401 4526 et
422 4463 485 4545 jam
510 4484 580 4527 esse
605 4465 755 4528 ostendis.
