2588 5048
203 731 276 809 tao
544 731 912 838 SpongieEraimil·

199 928 326 992 tedere:
372 930 453 993 Nam
477 928 700 1012 fieripotest',
727 941 773 994 ut'
788 927 913 1005 &terit
942 925 1097 990 antistiam
1108 924 1230 1005 auide

200 1039 258 1090 aut
272 1028 376 1093 mitius
394 1031 456 1092 siut
484 1031 612 1094 inimici.
651 1026 813 1114 Equidem
836 1048 902 1092 nott
927 1026 1230 1104 dissimulaturum

200 1147 318 1208 cupere
330 1150 450 1211 pacem,
462 1129 497 1192 'si
515 1130 585 1193 fieri
601 1131 718 1212 possit,
740 1126 812 1192 utin·
825 1126 930 1192 solum
949 1146 1020 1188 curn
1036 1127 1229 1190 Lovanien·

192 1229 286 1292 'sibus
318 1229 516 1314 '1²beologis,.
542 1231 749 1292 verumetiam
762 1226 1034 1291 »imum-universis
1058 1228 1227 1291 Praedica-

198 1329 334 1392 toribu's.
382 1332 453 1394 Jam
472 1332 562 1413 quod
583 1330 786 1404 vociferatur,
815 1350 867 1392 me
892 1341 965 1408 post
983 1326 1152 1390 excitatam
1173 1327 1228 1405 inf

199 1431 347 1492 cendium
365 1431 500 1494 blandiri
519 1431 679 1506 hostibus,
710 1432 863 1512 quodque
893 1429 926 1490 iu
943 1429 1070 1490 illorum
1087 1427 1226 1510 gratiam

171 1542 179 1571 ’-
198 1550 284 1592 nunc
297 1532 398 1606 hunc,
419 1551 503 1593 nunc
521 1531 607 1593 illum
622 1550 663 1593 ex
675 1529 789 1592 amicis
809 1527 964 1608 arripiam,
986 1548 1079 1611 quam
1098 1527 1139 1589 sit
1161 1527 1224 1590 fal·-

198 1649 272 1692 sum
307 1650 385 1692 mox
418 1631 566 1712 aperiam.
624 1632 719 1693 Nunc
749 1629 833 1693 enim
868 1629 997 1691 crimina
1028 1649 1223 1711 persequor.

197 1728 285 1794 Audi
324 1749 409 1791 nunc
442 1729 527 1792 ahud
559 1743 779 1812 argumentum
814 1728 1027 1792 inconstantiae
1056 1750 1152 1804 mere,
1186 1740 1225 1795 ut

198 1841 288 1912 putat
307 1831 483 1906 Huttenus,
511 1831 569 1893 sed
587 1852 700 1894 revera
717 1830 814 1911 ipsius
832 1829 1052 1909 impudentias!
1072 1829 1148 1906 Ait,
1168 1849 1225 1893 ree

199 1931 329 1992 multum
350 1930 535 1994 dissensisse
572 1930 721 1994 ascholis
742 1928 927 1993 Coloniensi
959 1941 991 1992 et
1010 1930 1225 2007 Lovaniensi,

198 2049 271 2091 cum
290 2031 478 2093 sentimento
498 2051 559 2093 suo
576 2031 757 2093 damnarent
770 2030 890 2113 aliquot
905 2028 1051 2090 articulos
1065 2028 1226 2105 Lutberip

197 2151 284 2192 nunc
307 2130 392 2194 idem
424 2131 578 2212 probare,
612 2131 701 2213 quod
725 2131 815 2209 prius
833 2131 1026 2204 damnarem
1047 2141 1224 2213 propterea

102 2294 105 2299 ,
199 2230 289 2311 quod
314 2229 349 2290 in
376 2229 506 2308 epistola
541 2230 675 2311 quadam
693 2231 747 2291 'ad
779 2229 998 2311 Louanienaes
1030 2224 1239 2313 theotogos'

197 2326 330 2405 jactem,
358 2348 409 2391 me
428 2327 700 2407 disputationibus·
711 2329 835 2392 illorum
858 2330 1018 2393 adversus
1037 2330 1219 2393 Lutltcrunt

198 2427 446 2490 constantissime
466 2429 591 2491 favisse.
610 2428 757 2492 Hicmihi
769 2441 800 2490 te
813 2451 930 2512 quaeso,
950 2431 1058 2517 lector,
1078 2430 1219 2493 animas-¹

196 2539 287 2590 verte
317 2528 504 2593 malitiosum
540 2529 574 2593 in
601 2530 745 2592 Hutteno
774 2530 883 2592 omnia
913 2527 1122 2591 calumniandi
1148 2540 1219 2592 stu·

197 2627 300 2693 dium!
348 2627 507 2693 Articulos
547 2629 617 2693 illos
653 2650 713 2692 uec
752 2631 904 2712 probaui,
940 2652 1000 2693 nec
1036 2628 1219 2710 improbavi

96 2767 98 2771 ·
196 2752 348 2815 unquam.
398 2731 552 2794 Nolebam
586 2729 670 2796 euim
713 2731 881 2814 gratificari
918 2730 1105 2813 qmbusdam
1140 2751 1224 2795 ansa.

195 2832 324 2912 praebita
342 2852 437 2915 quam
450 2831 623 2911 captabant.
664 2832 860 2894 Provocatus
879 2850 956 2892 ame
968 2851 1074 2891 coram
1086 2840 1217 2894 rectore

196 2934 436 3009 Ecmondanus,
464 2944 499 2996 ut
524 2931 684 3012 proferret
708 2933 758 2993 vel
781 2951 879 2994 unum
907 2930 1088 3004 articulum,-
1117 2950 1216 3012 quem

197 3054 261 3114 ego
280 3031 313 3094 in
331 3033 475 3094 Lutlrero
488 3024 546 3094 ¹vel
567 3031 649 3094 inter
668 3033 781 3112 pocula
798 3029 1026 3106 defendissem,
1044 3050 1120 3092 cum
1138 3030 1217 3094 nibil

196 3132 343 3205 baberet,
376 3132 464 3212 quod
489 3131 625 3206 diceret,
658 3130 789 3212 protulit
815 3133 918 3193 locutu
942 3153 983 3192 en
1013 3129 1148 3211 epistola
1173 3131 1216 3194 ad

198 3230 658 3310 Cardinalemllloguntinum,
678 3232 718 3292 de
736 3228 947 3297 cordessicne.
985 3228 1052 3293 lllic
1066 3227 1130 3307 ajo,
1151 3232 1215 3292 Ec·

197 3334 390 3402 mundanum
422 3331 547 3410 publice
575 3332 754 3407 damnasse,
790 3332 879 3413 quod
906 3351 972 3392 non
1002 3329 1213 3393 intellexerat.

197 3435 296 3516 Atqui
320 3433 382 3494 hoc
406 3451 472 3492 nou
499 3442 547 3492 est
572 3430 759 3506 defendere,
789 3432 878 3513 quod
895 3428 1020 3510 scripsit
1038 3430 1211 3507 Lutherus,
1271 3436 1275 3443 '

196 3536 254 3599 sed
272 3533 352 3596 illius
378 3531 601 3611 impudentiam
627 3532 781 3610 prodere,
815 3530 870 3613 qui
896 3551 961 3593 non
991 3530 1147 3593 intellecta
1172 3552 1212 3594 re

196 3634 387 3698 vociferatus
407 3633 446 3694 sit
464 3631 548 3713 apud
566 3635 727 3712 populum.
774 3634 837 3703 ,At
863 3641 935 3710 post
960 3629 1055 3695 faveo
1084 3630 1214 3696 illorum

196 3733 486 3812 disputationibus.“
525 3731 610 3812 Quid
629 3733 689 3792 hoc
708 3731 748 3792 ad
766 3729 1008 3801 sentimentum?
1037 3732 1104 3792 Nec
1124 3730 1212 3797 enim

195 3834 258 3897 illic
276 3834 451 3912 disputant,
478 3831 536 3897 scd
564 3831 780 3910 pronuntiant3
809 3850 868 3890 nec
887 3831 1019 3905 docent,
1049 3833 1106 3892 sed
1125 3833 1219 3896 dam..

195 3945 280 3997 nant.
318 3932 488 4005 Seditiosas
520 3930 585 3993 illas
611 3929 855 3993 vociferationes
880 3932 964 4011 apud
984 3933 1156 4011 populum,
1176 3935 1216 3999 itt·

197 4037 311 4118 quibus
340 4034 436 4094 multa
463 4031 561 4110 palam
589 4030 839 4106 mentiebantur,
867 4050 990 4111 semper
1017 4033 1217 4114 improbavi.

197 4147 229 4199 ct
243 4137 382 4198 hortatus
401 4151 471 4193 sum
488 4150 565 4204 eos,
586 4140 638 4205 ut,
657 4128 714 4193 illis
734 4130 874 4206 omissis,
895 4132 1086 4212 argumentis
1104 4135 1213 4203 revin-

129 4212 133 4225 ’
197 4246 305 4300 serent
323 4233 516 4304 Lutherum,
549 4241 580 4291 et
598 4230 627 4292 si
643 4231 695 4293 ille
714 4241 847 4304 erraret,
881 4231 1033 4295 docerent
1068 4234 1211 4299 meliora.

196 4339 239 4402 ld·
253 4343 364 4416 postca
380 4328 451 4395 lieri
470 4339 606 4406 coeptruu
624 4340 672 4393 cst
699 4329 738 4393 ab
757 4328 814 4395 illis
831 4330 906 4425 suus
925 4332 1095 4399 moderate.
1132 4336 1216 4399 Hoc·
