2618 5108
36 818 39 822 ,
128 735 212 837 ‚Mb
432 733 475 810 In
499 734 597 810 Mar.
623 730 879 829 Caracciolum

139 934 210 994 tum
225 935 257 991 et
279 929 462 1003 honestum,
487 925 551 991 emi
569 924 625 988 aba
647 939 679 990 te
702 924 832 1006 peteris.
876 925 1005 1000 Fidem,
1034 921 1163 1008 religio·

140 1051 232 1108 uem,
257 1049 382 1112 equum
403 1043 435 1092 et
452 1026 614 1111 iniquum,
641 1025 747 1109 pretio
765 1026 888 1090 addicta
910 1026 1026 1101 babes,
1053 1043 1166 1089 contra

140 1131 229 1212 leges
254 1150 367 1193 aurum
394 1139 427 1192 et
460 1142 626 1208 argentum
650 1127 776 1210 accipis.
822 1125 956 1190 Nelario
982 1124 1166 1189 institutoa

141 1229 337 1313 pauperibus
373 1226 490 1292 nostris
522 1227 690 1312 pecuniam
728 1228 889 1309 exprimis.
944 1228 974 1291 0
1001 1227 1167 1291 audaciam

143 1328 351 1414 singularem!
382 1329 446 1394 Cui
471 1329 578 1393 licebit
602 1326 764 1413 conjicere
792 1346 915 1404 autem,
951 1349 1015 1411 qua
1044 1342 1076 1390 tu
1107 1349 1167 1410 spa

49 1420 55 1435 ¹
83 1468 85 1471 -
143 1429 293 1515 preditus
315 1430 379 1492 hec
405 1429 523 1493 iacias?
566 1429 630 1494 Ubi
652 1430 830 1510 putabimus
854 1428 1034 1510 praesidium
1059 1429 1168 1510 dispo·

145 1530 271 1596 ruisse?
302 1532 374 1614 Qua
401 1531 520 1595 fretum
537 1530 629 1612 ope?
652 1531 706 1593 An
727 1529 760 1590 in
779 1528 899 1611 pileatis
923 1530 990 1593 istis
1019 1532 1167 1593 fiduciam

145 1631 306 1696 collocas?
333 1630 431 1695 Certe
449 1631 534 1694 baud
557 1629 742 1711 ignoramus
761 1631 935 1693 connivero
955 1632 995 1692 ad
1013 1632 1092 1693 hanc
1112 1632 1169 1695 im-

146 1732 337 1817 probitatem
355 1731 411 1794 tibi
428 1733 600 1817 quosdam,
620 1743 657 1793 ut
674 1729 811 1794 vicissim
829 1732 920 1794 liceat
938 1731 1014 1812 ipsis
1036 1753 1170 1818 quoque

146 1855 214 1917 non
233 1833 335 1917 probe
354 1833 524 1910 admodum
549 1831 671 1911 uivere.
688 1893 693 1901 ,
711 1833 774 1898 ,Tu
793 1843 896 1900 tamen
916 1832 1053 1898 autlaciae
1072 1836 1169 1897 lromo

148 1956 184 2000 es
203 1955 366 2019 nunquam
388 1934 462 1998 satis
481 1933 689 2006 admirandas,
717 1932 774 2016 qui
797 1934 889 1996 ullam
908 1931 974 1994 vim
994 1932 1068 1996 satis
1087 1954 1168 2011 esse,

147 2038 228 2102 ullas
261 2035 434 2102 potentiam
455 2036 600 2101 sufficere
619 2030 795 2108 arbitraris,
816 2054 886 2118 quse
900 2044 1014 2097 tantam
1032 2033 1169 2118 indigni·

120 2206 123 2210 ,
148 2148 259 2215 tatem,
275 2135 446 2220 presertim
457 2133 698 2218 respicientibus
715 2130 777 2213 jam
791 2132 989 2211 hominibus,
1004 2145 1131 2200 tueatur
1139 2134 1172 2199 el

149 2238 312 2303 defendat.
330 2239 445 2318 Neque
460 2246 494 2297 te
509 2235 549 2300 ab
566 2236 628 2298 hoc
646 2233 776 2298 oonsilio
795 2233 965 2311 absterret,
984 2246 1173 2318 antrorum,

150 2350 187 2403 ut
205 2356 292 2400 nuuc
310 2348 359 2399 est
377 2336 475 2414 ratio,
508 2346 563 2400 aut
591 2335 649 2398 ista
667 2334 759 2401 valde
783 2330 1059 2400 animadvertendo
1078 2337 1172 2403 vobis

149 2435 302 2520 temporis
316 2435 488 2504 inclinatio.
513 2436 599 2520 Quid
614 2435 699 2498 enim
714 2446 822 2523 putem
836 2436 954 2502 morari
969 2448 1000 2498 te
1017 2437 1173 2519 potuisse,

151 2549 206 2602 aut
224 2537 397 2621 pudorem,
426 2558 522 2622 quem
541 2539 661 2602 nullum
679 2535 799 2601 habetis
819 2537 972 2613 Romani,
1006 2548 1060 2602 aut
1079 2539 1173 2602 timo·

150 2659 221 2704 rem
239 2637 319 2716 Dei,
351 2659 446 2724 quem
465 2659 532 2704 non
552 2658 622 2703 esse
641 2636 795 2700 creditis?
828 2640 879 2700 En
905 2637 993 2720 frugi
1024 2640 1172 2722 legatum,

150 2740 289 2825 probum
308 2762 351 2805 ex
373 2739 537 2815 omnibus,
556 2760 653 2805 unum
674 2739 837 2805 Pontificis
858 2733 1034 2817 oratorem,
1061 2732 1174 2824 prudi-

152 2851 256 2906 catum
276 2863 295 2907 a
314 2840 477 2903 curtisanis
496 2840 572 2902 milri
591 2861 704 2922 magna
722 2860 794 2903 cum
810 2839 979 2920 jactatione
996 2863 1067 2914 sua,
1088 2865 1175 2930 mag·

151 2962 258 3027 neque
278 2941 390 3025 gloria.
429 2939 515 3028 Quid
533 2961 643 3024 ageres
663 2938 908 3022 improbissime,
929 2941 956 3005 si
975 2941 1008 3004 in
1028 2944 1079 3005 illa
1097 2942 1176 3009 inci-

152 3041 254 3108 dlsses
273 3053 432 3123 tempora,
458 3041 587 3130 quando
607 3042 691 3103 nulla
709 3041 743 3103 in
763 3042 930 3105 Germania
949 3065 1033 3121 vox,
1058 3067 1100 3106 ne
1120 3067 1176 3132 ge.

152 3141 247 3208 nitus
277 3143 407 3228 quidem
432 3142 524 3210 liberi
550 3143 704 3211 luerunt?
736 3144 872 3225 Quando
903 3156 1014 3207 contra
1039 3159 1175 3212 vestram

154 3240 351 3328 iniquitatem
369 3266 464 3307 nemo
480 3245 599 3331 aliquid
614 3243 744 3319 mutire,
764 3266 858 3312 neruo
874 3247 926 3306 vel
941 3257 1034 3308 torve
1051 3248 1177 3313 obtueri

154 3343 311 3410 audebat?
339 3346 472 3427 Qualem
490 3357 522 3411 te
537 3356 613 3412 tunc
635 3344 811 3421 habuisses,
832 3367 904 3408 curn
922 3345 985 3427 jam
1003 3347 1086 3411 bene
1105 3372 1178 3432 spe·

153 3443 295 3510 rantibus
309 3436 421 3521 nobis,
441 3445 534 3513 etlam
550 3466 617 3507 non
637 3445 772 3534 pessime
785 3446 988 3523 habentibus,
1007 3449 1053 3511 sic
1072 3453 1177 3536 avare,

154 3543 202 3610 sic
232 3544 478 3632 intemperanter
504 3545 621 3609 audeas
649 3557 801 3629 qrraestum
823 3546 947 3623 lacere,
976 3549 1060 3611 etin
1079 3551 1178 3633 patria
1233 3553 1237 3561 ’

68 3675 78 3685 ⁷
154 3643 207 3711 bic
224 3656 349 3720 nostra,
370 3645 468 3735 inque
488 3645 588 3709 oculis
607 3646 770 3709 hominum
788 3648 829 3708 ad
847 3649 1021 3712 libertatem
1035 3651 1178 3736 undique

155 3743 433 3820 concurrentium,
465 3746 631 3817 confiscarl
651 3767 728 3822 nos,
759 3758 790 3810 et
809 3748 975 3829 pecuniam
995 3748 1068 3812 hinc
1088 3773 1179 3816 aver·

155 3841 255 3906 tare?
274 3842 361 3926 Quin
380 3842 473 3906 etiam
490 3865 555 3907 non
575 3847 699 3909 occulte
717 3847 795 3912 facis
807 3848 1054 3935 cauponationes
1073 3853 1177 3930 hest),

157 3944 261 4007 celare
290 3952 359 4006 tuas
390 3945 502 4011 sordes
537 3947 644 4031 aliquo
677 3949 773 4010 modo
808 3950 940 4032 cogitas.
990 3954 1097 4032 Quare
1116 3949 1180 4033 jam

57 4130 61 4141 Ι
157 4041 282 4126 pridem
302 4064 385 4128 egre
406 4046 521 4109 adduci
539 4047 647 4130 potui,
675 4060 712 4111 ut
732 4051 895 4114 crederem
914 4072 986 4116 cum
1004 4054 1181 4119 nuntiatum

159 4142 236 4210 mibi
253 4156 356 4222 esset,
384 4136 576 4236 aquodam,
602 4147 658 4234 qul
677 4171 813 4214 uxorem
840 4154 983 4236 petebat,
1013 4173 1097 4232 eam,
1128 4156 1181 4222 cui

145 4396 149 4411 .
194 4355 226 4426 ⁰)
244 4361 297 4411 Vbr
316 4368 428 4413 catara:
447 4366 489 4415 aut
508 4366 727 4426 dunbsettrlctren.
