2618 5108
159 811 231 887 2⁰⁶
446 809 648 886 Praedones
692 811 879 911 Dialogus.

158 1018 274 1063 remus.
312 1001 390 1080 Quae
404 998 524 1081 sperari
542 999 644 1078 bons,
663 1023 797 1088 qrrreque
815 1005 917 1069 timeri
933 1006 1011 1069 mala
1029 1015 1174 1083 possrmt‚

155 1099 298 1183 singulos
329 1100 452 1183 singula
482 1102 573 1164 elisos
603 1103 726 1165 habent.
776 1105 830 1167 tlte
852 1105 1001 1181 insaniam
1021 1106 1174 1182 emittit,

156 1211 188 1261 et
207 1199 325 1262 redimit.
362 1199 424 1262 Hie
440 1203 526 1281 lepra
540 1214 573 1263 nt
589 1202 685 1264 iratus
702 1206 829 1282 premit,
850 1206 892 1268 ite
908 1209 989 1268 levat
1005 1206 1174 1289 propitius.

157 1298 294 1381 Quidam
312 1300 401 1379 regio
420 1301 551 1378 morbo,
580 1303 658 1364 olins
679 1302 789 1379 febre,
807 1327 872 1366 non
891 1308 967 1367 nnlli
986 1306 1110 1383 scabie,
1141 1317 1175 1369 et

154 1400 313 1463 ulceribus
334 1401 373 1463 od
392 1401 440 1462 sni
462 1405 576 1465 cultum
597 1402 738 1465 homines
758 1415 887 1487 cogunt.
927 1409 985 1467 Est
1006 1406 1061 1489 qni
1080 1428 1172 1470 sacro

153 1497 221 1585 igni
239 1503 383 1563 medetur
401 1501 581 1578 invocatus,
603 1519 636 1565 et
656 1505 798 1566 (intorem
818 1506 958 1568 (lentium
980 1507 1067 1588 qnod
1088 1505 1172 1568 miti·

155 1611 226 1684 get,
255 1602 416 1689 inventum
441 1623 557 1664 numen
578 1614 635 1666 est.
683 1605 761 1685 Quis
790 1604 908 1684 putavit
935 1617 1037 1668 erstem
1056 1606 1172 1670 morbo

153 1700 291 1778 Gallico,
325 1699 470 1764 omnibus
489 1714 574 1764 retro
594 1705 712 1766 saeetrlis
738 1703 899 1781 incognito
920 1707 1021 1781 malo,
1051 1706 1172 1788 peculi·

150 1821 236 1864 erem
256 1813 288 1865 et
308 1817 448 1865 veterem
469 1824 537 1865 esse
556 1803 686 1866 Deum?
712 1807 753 1865 Et
772 1815 873 1865 tamen
895 1803 1084 1868 invenerunt
1103 1807 1174 1882 isti3

152 1901 342 1985 quinetiam
368 1914 551 1985 tempestate
577 1915 683 1965 nostro
709 1905 861 1984 quosdam
883 1902 914 1965 in
933 1905 1034 1966 Divos
1053 1909 1171 1969 retrrle·

148 2016 225 2068 runt
241 2005 355 2067 morbi.
396 2006 483 2066 Talia
511 2016 584 2066 snnt
602 2005 772 2088 (plectendo
788 2007 877 2065 lncro
898 2005 1102 2066 Sacerdotnm
1121 2006 1170 2068 in·

151 2105 255 2190 genia.
295 2107 396 2168 Etiam
414 2128 482 2189 quse
495 2106 630 2167 lortnnae
646 2126 714 2165 esse
733 2104 919 2178 creduntur,
940 2106 1062 2166 aeertis
1075 2106 1168 2170 Din's

149 2218 183 2268 et
202 2218 310 2286 petere
331 2205 444 2285 religio
466 2215 531 2280 est,
551 2216 582 2267 et
600 2202 780 2284 deprecari,
801 2202 940 2278 divitias,
963 2204 1078 2282 robur,
1100 2205 1169 2270 for·

146 2326 247 2380 mom,
270 2303 501 2368 diuturniorem
519 2304 630 2379 vitam,
662 2302 887 2383 captivitatem,
909 2304 1069 2382 incendio,
1088 2327 1169 2370 nan·

148 2405 305 2485 fragium,
324 2416 478 2479 mortem,
508 2415 540 2465 et
565 2402 665 2464 subita
697 2402 811 2465 omnia.
851 2403 916 2465 soti
936 2404 1063 2468 Christo
1092 2406 1167 2470 nihil

145 2505 289 2569 relietum
312 2514 377 2578 est3
417 2506 502 2567 solns
527 2503 553 2566 is
581 2501 693 2565 omnis‘
708 2501 777 2583 opis
808 2513 902 2593 ptqne
925 2504 1032 2566 anxilii
1064 2503 1166 2571 inanis

145 2615 204 2668 est.
253 2606 299 2667 lla
344 2603 500 2687 atrtiquari
531 2605 689 2684 patiuntur
728 2599 797 2683 ejus
831 2604 1029 2681 memoriam,
1059 2627 1165 2690 neque

144 2706 249 2773 Deum
265 2684 441 2788 ‘precantur
457 2725 542 2766 nune
560 2704 721 2779 homines,
743 2704 799 2764 sed
814 2705 851 2765 ad
868 2726 952 2767 nova
971 2704 1020 2768 itta
1039 2705 1165 2769 minime

144 2806 260 2888 passim
279 2815 491 2881 concurrunt,
512 2802 602 2887 quasi
623 2802 664 2864 ito
683 2802 733 2864 ille
754 2802 887 2866 virtutes
906 2826 977 2866 suas
998 2803 1063 2867 aliis
1084 2808 1162 2869 elar-

142 2907 227 2992 gitus
246 2906 301 2981 sit,
324 2916 357 2968 nt
375 2927 409 2968 se
429 2905 554 2988 penitus
573 2903 762 2966 exhauserit.
800 2904 934 2966 Faciunt
954 2917 1056 2967 autem
1078 2927 1164 2970 com·

141 3006 254 3071 meritis
282 3007 392 3080 tidem,
428 3027 497 3087 qnae
526 3024 651 3084 semper
671 3002 841 3085 contigisse
873 3016 1040 3067 narrantur
1072 3008 1163 3069 mire·

141 3110 231 3182 cula,
275 3126 437 3188 nunquam
466 3102 680 3186 contingentia
717 3103 936 3166 ostenduntur.
993 3106 1035 3166 Et
1058 3114 1163 3170 tamen

140 3226 341 3290 permagnam
375 3205 418 3267 ibi
455 3216 596 3287 segetem
628 3214 748 3264 metunt
775 3201 892 3265 artibus
920 3225 998 3286 quas
1032 3219 1161 3282 norunt,

141 3305 251 3370 astutis
278 3303 425 3386 quidem,
458 3305 515 3366 sed
539 3324 616 3386 quas
642 3304 733 3366 facile
762 3304 971 3386 intelligerent
997 3304 1161 3388 Germani,

43 3407 44 3412 ’
140 3406 201 3472 nisi
221 3404 361 3488 plumbei
380 3415 484 3466 essent
511 3405 609 3486 vulgo
629 3403 815 3467 intellectus.

543 3558 763 3622 Mercator.

216 3660 317 3725 iidem
336 3659 453 3736 credo,
483 3668 708 3741 persuaserunt
726 3657 840 3735 nobis,
872 3658 993 3744 ubique
1012 3682 1163 3745 pompam

134 3780 256 3855 Degere,
276 3762 366 3846 qnod
384 3759 584 3822 commodum
603 3759 664 3820 sibi
687 3760 819 3822 adserat.

542 3942 759 4004 Huttenus.

213 4041 325 4108 Iidem.
363 4041 472 4126 Atque
487 4040 559 4104 bine
573 4039 624 4104 itta
643 4052 731 4115 sunt,
755 4058 825 4100 enm
837 4038 1036 4122 baptizantur
1055 4040 1161 4104 inlen-

137 4153 206 4221 ἰοί,
236 4142 401 4226 magnilica
421 4141 588 4216 convivia,
618 4138 676 4201 ittae
696 4139 908 4204 intolerabiles
927 4141 989 4224 jam
1008 4144 1089 4205 ultra
1106 4142 1161 4205 fu·

137 4265 250 4310 nerum
271 4247 428 4323 impensu.
467 4242 755 4329 Vendunt'terrem
777 4242 968 4321 sepulchris,
1001 4258 1097 4324 atque
1116 4263 1160 4304 eo

135 4343 269 4431 propius
299 4353 460 4405 mortuum
490 4361 650 4425 quemque
683 4338 793 4401 inferri
821 4342 905 4419 sprrd
930 4341 1160 4422 sepeliuntur,

136 4464 205 4531 qno
222 4445 293 4531 plus
311 4462 513 4505 nummorum
532 4440 676 4503 contulit.
726 4438 791 4502 Ubi
817 4449 884 4502 tou
907 4462 975 4505 non
992 4462 1159 4528 nunquam
