2618 5108
266 1176 899 1277 interlocutores:

85 1364 278 1440 'Ar-minius.
312 1384 438 1438 Minos.
475 1381 669 1436 Mercurius.
704 1377 901 1435 Alexander.
937 1374 1056 1446 Scipio.

312 1474 487 1532 Hannibal.
527 1472 688 1531 Cornelius
712 1472 855 1563 Tacitus.

520 1655 660 1672 u

476 1783 693 1851 Arminius.

77 1887 163 1982 Hoc
181 1918 306 1979 tandem
328 1918 473 2000 iniquum
489 1911 557 1996 est,
583 1927 759 1996 oMinos,
782 1915 950 2001 iudicium,
978 1914 1005 1978 si
1030 1914 1092 1984 fuit

77 2018 174 2080 ullum
192 2037 330 2106 unquam
348 2028 447 2081 tuums

509 2118 655 2197 Minos.

154 2234 245 2297 Bona
256 2233 354 2297 verba
366 2255 492 2317 quam,
511 2246 663 2301 Armini!
679 2235 839 2318 Namque
858 2235 923 2296 hac
941 2252 1025 2295 nova
1044 2239 1093 2307 est

80 2332 248 2409 calumnia,
282 2334 452 2419 quiequam
479 2333 682 2425 justissimum
712 2331 828 2414 injuste
854 2332 1001 2396 Minoem
1030 2341 1092 2410 sta,

79 2433 197 2496 tuisse?
217 2433 315 2516 Quod
332 2432 409 2498 illud
426 2456 505 2498 vero
525 2447 572 2499 est
590 2433 768 2514 judicium?
786 2432 839 2498 dio
858 2432 1010 2514 agedum!

479 2550 690 2616 Arminius.

154 2651 251 2714 Dabis
264 2653 342 2714 hanc
351 2652 426 2714 mihi
437 2651 560 2714 veniam
570 2651 720 2734 primum,
737 2650 764 2713 si
776 2661 808 2711 te
821 2647 953 2712 offendit
964 2643 1092 2709 dicendi

79 2749 205 2812 libertas
223 2772 309 2814 mea:
338 2751 502 2815 Germanis
522 2762 571 2814 est
588 2751 744 2831 peculiare
763 2752 838 2826 hoo,
857 2748 960 2811 minus
978 2745 1092 2808 blande

80 2848 186 2934 loqui,
219 2870 291 2915 cum
315 2853 490 2936 loquuntur
515 2852 616 2915 libere
641 2861 673 2914 et
691 2852 787 2914 serio.
824 2849 924 2932 Queri
942 2867 994 2910 me
1012 2865 1092 2908 vero

80 2944 189 3028 decet,
210 2951 317 3035 quod,
337 2972 409 3014 oum
424 2953 577 3016 honorem
593 2952 709 3028 habes,
728 2962 760 3014 et
775 2949 873 3013 veluti
890 2945 1015 3029 praemia
1032 2957 1093 3009 sta·

80 3052 142 3113 tuis
162 3050 425 3132 Imperatoribus,
446 3053 501 3134 qui
519 3051 639 3135 ubique
657 3053 804 3129 fuerunt,
826 3046 969 3131 optimis,
989 3045 1093 3127 ipsum

79 3171 147 3225 me,
178 3149 267 3233 quasi
294 3149 349 3232 qui
376 3171 442 3211 non
469 3150 619 3227 vixerim,
649 3151 695 3216 sio
713 3149 862 3232 praeteris.
900 3145 1092 3228 Jampridem

79 3249 164 3310 enim
183 3248 367 3311 sententiam
392 3250 515 3312 ferente
533 3261 582 3327 te,
612 3252 840 3333 Imperatorum
871 3249 990 3331 primus
1020 3257 1091 3308 toto

79 3349 188 3428 Elysio
219 3369 349 3429 eampo,
383 3360 415 3412 et
440 3349 604 3413 beatorum
630 3335 847 3435 hacregione
872 3345 1091 3431 pronuntiatus

80 3459 127 3511 est
159 3459 347 3514 Alexander
381 3450 537 3526 Macedo,
570 3450 610 3511 ab
641 3472 747 3534 eoque
777 3451 934 3515 secundus
967 3450 1091 3509 honore

79 3551 242 3613 Romanus
255 3550 373 3631 Scipio,
394 3561 426 3613 et
444 3551 554 3615 tertius
569 3550 823 3636 Carthaginiensis
835 3558 1011 3616 Hannibal.
1032 3549 1091 3612 So·

78 3654 125 3715 lus
151 3650 184 3713 in
212 3654 299 3714 nullo
326 3670 388 3732 ego
415 3650 538 3715 habitus
562 3674 631 3715 sum
659 3671 811 3727 numero,
843 3651 898 3734 qui
925 3662 1045 3728 tamen,
1064 3650 1093 3715 si

79 3753 263 3814 certandum
279 3753 355 3814 mihi
381 3750 529 3814 cumillis
549 3773 689 3834 unquam
706 3751 912 3831 putavissem,
944 3751 1093 3835 equidem

80 3851 114 3913 in
143 3853 228 3912 nullo
252 3851 413 3932 posuerim
442 3850 561 3928 dubio,
584 3851 680 3937 quin,
711 3862 743 3914 te
767 3848 889 3930 judice,
919 3850 1093 3936 principem

77 3954 183 4013 locum
202 3948 416 4013 obtinuissem.

329 4043 330 4048 ¹
509 4050 654 4114 Minos.

156 4146 292 4215 Causam
322 4151 467 4229 profecto
492 4150 605 4226 habes,
639 4148 810 4214 Germane!
841 4151 903 4214 Sed
919 4170 1004 4214 oum
1029 4153 1092 4214 hoo

81 4253 123 4315 illi
143 4262 300 4313 certamen
319 4249 403 4331 apud
432 4268 482 4312 me
502 4247 634 4326 inirent,
665 4252 743 4334 quid
761 4272 828 4315 nou
845 4251 1034 4317 admonebas
1054 4260 1089 4313 tu

78 4353 145 4437 ipse
166 4351 323 4436 quoque?
