2618 5108
137 809 160 881 ο
354 798 398 874 In
421 798 627 873 Lutherum
658 799 762 874 Bulla
789 800 938 875 Leonis.

136 1001 270 1058 menet
299 991 600 1056 administrationem
634 986 734 1056 Petro
764 1004 915 1079 tanquam
938 995 1049 1075 capiti,
1078 982 1113 1069 ι)
1133 982 1181 1059 et=
1237 1048 1240 1055 .

141 1103 199 1157 tuo
227 1092 366 1171 vicario,
407 1092 549 1179 ejusque
575 1094 834 1172 successoribus,
852 1099 881 1155 n
928 1095 1025 1159 instar
1056 1097 1166 1182 trium-

138 1195 261 1279 phantis
283 1193 420 1269 ecclcsiae
435 1239 444 1270 ,
462 1194 489 1270 c)
508 1194 707 1266 commisisti:
734 1196 945 1260 exterminare
964 1196 1074 1262 nititur
1097 1220 1167 1264 eam

138 1315 215 1378 aper
234 1295 276 1359 da
296 1295 394 1371 silva,
422 1305 453 1357 et
475 1293 642 1380 singularis
671 1295 760 1360 ferus
780 1297 961 1380 depascitur
983 1317 1061 1362 eam.
1100 1303 1167 1364 Ex-

139 1416 220 1480 urge
248 1395 363 1471 Patre,
377 1397 406 1474 d)
433 1409 466 1463 et
491 1416 551 1477 pro
577 1399 725 1478 pastorali
753 1417 828 1462 cum
858 1396 1001 1481 predata,
1036 1400 1094 1463 tibi
1119 1404 1168 1478 (ut

139 1499 321 1583 praefertur)
339 1497 491 1561 divinitus
510 1497 711 1574 demandata,
726 1499 854 1561 intende
870 1501 901 1561 in
918 1519 1042 1564 causam
1055 1514 1168 1564 sanctm

139 1600 290 1664 Romanae
317 1597 488 1674 Ecclesiae,
521 1598 627 1661 matris
657 1598 799 1662 omnium
828 1599 1050 1678 ecclesiarum,
1070 1603 1168 1676 eac)

139 1700 215 1765 fidei
234 1700 410 1792 magistrae:
437 1721 531 1784 quam
548 1701 572 1777 t)
601 1711 654 1778 tu,
680 1698 811 1779 jubente
831 1700 919 1774 Deo,
939 1711 995 1762 tuo
1015 1705 1168 1784 sanguine

138 1799 352 1875 consecrasti3
372 1811 480 1891 contra
500 1821 616 1885 quam,
636 1802 717 1862 sicut
742 1817 776 1862 tu
796 1820 992 1880 praemonere
1020 1801 1167 1879 dignatus

139 1923 200 1978 et,
238 1887 408 1999 insurgunt
461 1900 603 1986 magistri
639 1902 823 1991 mendaces,
852 1902 881 1985 s)
921 1899 1167 1968 introducentes

142 2008 242 2071 sectas
274 1992 460 2086 perditionis
480 2001 511 2076 h)
547 2000 608 2065 sibi
645 1982 819 2073 celerem,
809 2000 971 2067 interitum
1012 2004 1168 2082 superdu-

152 2114 287 2167 centes:
312 2103 335 2179 t)
368 2121 516 2187 ¹quorum
567 2099 677 2196 Ungue
708 2101 792 2185 ignis
829 2116 892 2180 est,
918 2103 947 2178 t)
991 2101 1168 2190 inquietum

150 2251 378 2270 m

208 2338 426 2393 fraudulentior
447 2340 586 2395 videaris.
623 2340 754 2396 Tantum
781 2338 937 2400 aleonina
958 2341 1166 2410 magnitudine,

209 2424 243 2479 ad
264 2423 409 2478 humilem
434 2435 463 2479 et
483 2434 512 2480 te
533 2426 680 2494 indignam
698 2425 830 2480 deflectis
850 2427 996 2483 asnttiam.
1031 2426 1123 2499 Quod
1142 2429 1167 2482 si

208 2509 351 2563 talionem
371 2509 424 2563 tibi
444 2526 501 2564 nos
523 2511 651 2565 reddere
672 2528 785 2579 coges,
812 2512 979 2582 poterimus
1001 2522 1031 2567 ct
1047 2529 1104 2567 nos
1124 2514 1167 2567 di.

208 2608 300 2662 cere,
322 2611 385 2649 non
404 2595 557 2665 vulpem
544 2587 609 2666 Jam
632 2604 681 2665 tc,
710 2596 761 2650 scd
787 2598 922 2666 asperius
944 2596 1041 2652 adhuc
1061 2598 1165 2671 lupum

151 2726 155 2733 .
206 2632 334 2735 Arabia
344 2678 570 2750 vespertinum,
597 2637 685 2753 quod
705 2697 832 2743 munera
849 2681 951 2751 capis,
971 2691 1002 2739 et
1020 2682 1165 2752 justitiam

208 2764 337 2825 vendis:
364 2761 426 2819 ui
418 2781 446 2819 ιιι
472 2773 501 2819 te
527 2765 739 2839 propheticum
762 2765 833 2822 iliud
855 2767 1028 2821 exclamare
1052 2782 1167 2823 conve.

207 2847 285 2903 aiat:
316 2840 367 2903 V'a
386 2840 559 2923 pastoribus
576 2849 627 2922 qui
649 2842 822 2922 dispcrgunt
841 2859 871 2907 et
888 2851 1032 2906 lacerant.

175 2939 205 3004 ι)
222 2936 298 2995 Vide
315 2939 374 3007 ubi
391 2938 495 2997 fundet
519 2940 717 3029 tyrannidem.

173 3032 203 3101 ι)
220 3032 319 3088 Multa
338 3030 390 3088 hic
408 3028 578 3090 monendus
600 3050 682 3103 eras,
701 3036 727 3091 ai
744 3043 875 3091 vacaret.
911 3034 981 3090 Jam
991 3035 1092 3090 statim
1101 3042 1167 3092 ιιοιι

147 3129 154 3135 ·
210 3117 290 3173 rudit
308 3122 341 3174 te
359 3116 510 3174 chrisma.
546 3075 690 3200 Mentiris
712 3119 792 3174 enim
812 3119 895 3192 quod
915 3119 980 3174 odit
996 3116 1064 3174 iiie
1162 3113 1168 3154 ¹

173 3207 205 3279 a)
222 3208 431 3282 Triumphum
460 3212 602 3266 occissis.
654 3211 684 3267 0
704 3211 819 3266 balium
846 3217 1064 3267 commentum.
1099 3209 1169 3266 Imo

145 3332 165 3344 .-
207 3303 240 3349 ιιι
258 3295 391 3357 faciebus
410 3295 475 3353 hoc
493 3294 642 3364 Decime,
668 3296 809 3354 ettuiile
829 3310 897 3353 erra
921 3297 1095 3364 termino,
1125 3293 1170 3351 ob

211 3379 300 3450 idque
323 3379 515 3434 decrevimus
536 3397 709 3452 oppugnare
727 3390 767 3438 tc.

176 3469 209 3541 d)
226 3470 352 3541 Petrum
369 3472 473 3527 Simon
496 3472 628 3529 invocat.
663 3473 721 3527 Sed
746 3474 829 3544 prius
857 3474 953 3543 ipsum
981 3472 1047 3526 audi
1067 3470 1169 3526 dicen.

207 3561 271 3610 t'ern
288 3553 355 3612 tibi.
391 3554 512 3613 Pascite
531 3557 723 3630 quantumin
737 3557 829 3614 vobis
847 3565 892 3612 eet
903 3571 1024 3626 gregem
1044 3553 1168 3622 Christi,

211 3657 315 3695 euram
329 3640 407 3696 illius
426 3652 545 3712 agentes
564 3659 627 3698 non
639 3652 766 3709 coacte,
789 3641 1007 3697 aedvoientea:
1030 3657 1092 3694 ιιοιι
1105 3649 1169 3693 tur.

210 3724 290 3797 piter
316 3728 489 3783 affectantes
510 3729 647 3795 tucrum,
669 3725 722 3782 sed
741 3738 897 3797 propenso
922 3725 1042 3791 animo,
1068 3739 1167 3793 neque

88 3797 94 3813 ⁸
168 3840 183 3858 ..
211 3811 455 3868 cemdominium
472 3823 652 3871 exercentes
669 3811 816 3868 advorsus
833 3810 952 3879 deror,
981 3809 1037 3865 aed
1051 3816 1084 3864 ut
1104 3808 1169 3873 sitis

151 3916 158 3939 ι
214 3896 398 3968 exemplaria
413 3899 524 3968 gregia.

160 4022 162 4027 -
177 3985 208 4059 ι)
225 3987 392 4058 Tra->dicim
413 4005 472 4046 noa
489 3990 570 4047 hand
597 3988 801 4060 agnoscimus.

181 4083 207 4149 t)
225 4081 394 4138 Romanam
416 4084 484 4152 dic,
506 4101 543 4139 an
560 4084 761 4140 universalem
778 4080 913 4138 Christi?
958 4105 962 4114 ·
1028 4102 1031 4107 ·

176 4171 297 4242 mmo
321 4186 428 4231 contra
447 4186 497 4232 tua
520 4176 676 4233 mendacia
692 4176 833 4235 veritatis
850 4173 1034 4242 adsertores,
1128 4183 1134 4193 ·

180 4265 281 4336 n)Tc
303 4267 381 4320 cnim
404 4268 546 4339 perdent,
567 4270 609 4325 ob
630 4272 759 4343 pessima
778 4281 829 4326 tua
849 4267 966 4325 merita.
1026 4266 1030 4273 “
1082 4252 1088 4263 “

167 4356 203 4427 t)
217 4359 257 4415 in
275 4366 306 4412 te
323 4359 386 4413 hoc
405 4374 513 4417 omnes
531 4362 668 4418 christus
687 4370 795 4420 vertat.

177 4441 211 4511 ι)
228 4443 337 4516 'reque
355 4445 469 4500 aduret.
