2618 5108
253 51 736 238 ‹QNV———a-
777 221 796 233 o

571 646 772 754 Iniectae
1102 682 1179 762 247

153 873 316 946 compater
344 873 440 943 erat,
466 867 594 948 petiisse
625 883 657 933 te
689 880 845 934 trecentos
872 892 1006 949 aureos,
1036 894 1174 959 cumque

152 961 223 1039 ille,
255 976 287 1027 et
317 967 393 1049 quia
421 977 453 1031 te
473 979 604 1050 propter
632 971 744 1033 sordes
776 973 1012 1048 contemnebat,
1045 986 1078 1035 et
1098 974 1175 1058 quia

151 1062 282 1127 ,videbar
316 1066 564 1150 negotiationem
595 1085 680 1132 tuam
716 1090 787 1134 esse
814 1072 910 1153 longe
938 1071 1173 1155 iniquissimam,

146 1176 328 1249 contnque
344 1168 394 1229 tas
413 1189 524 1245 omne,
544 1191 670 1233 omnem
690 1174 883 1234 honestatem
899 1182 931 1234 et
948 1170 1066 1236 Christi
1083 1175 1170 1255 leges

150 1262 344 1341 institutam,
387 1279 461 1330 octo
489 1268 659 1350 objiceret,
687 1271 910 1351 respondisse:
944 1287 974 1334 tc
1002 1294 1062 1354 pro
1096 1285 1169 1336 octo

152 1367 256 1427 aureis
290 1389 356 1430 non
390 1372 492 1432 solere
522 1371 654 1434 verbum
688 1372 830 1447 mittere,
854 1375 986 1437 ,nedum
1017 1373 1106 1453 signa
1137 1386 1171 1437 et

150 1465 254 1529 literas
273 1471 354 1531 velle
373 1472 519 1551 perdere.
568 1473 611 1535 At
631 1475 725 1553 paulo
751 1486 824 1554 post
843 1474 900 1537 alia
919 1495 1015 1552 super
1035 1477 1090 1536 alia
1109 1497 1169 1537 nu·

149 1579 265 1629 merata
286 1581 370 1632 sunt.
410 1573 556 1651 Quorum
575 1594 672 1634 unum
691 1576 850 1658 responde
870 1574 961 1649 mihi,
983 1596 1052 1656 quse
1073 1575 1169 1658 aequi·

149 1678 196 1729 tas
217 1681 283 1744 est,
314 1692 387 1732 eum
407 1670 463 1754 qui
481 1693 617 1734 uxorem
635 1673 742 1748 duxit,
771 1672 863 1754 cujus
883 1674 1052 1756 aliqnando
1071 1674 1168 1739 fitium

147 1770 380 1832 confirmationi
427 1772 626 1846 adhibuerat,
665 1784 774 1853 petere
804 1774 1001 1855 septuaginta
1030 1775 1168 1838 aureos?

146 1870 191 1933 Et
209 1882 313 1931 tamen
332 1871 413 1933 adeo
434 1871 590 1935 obstinate
614 1872 707 1952 egisti
727 1874 807 1950 boc,
835 1885 870 1936 ut
890 1895 961 1937 cum
981 1863 1089 1939 decem
1109 1877 1168 1941 tibi

147 1972 295 2045 offerret,
328 1973 486 2034 excedere
510 1972 669 2034 hominem
696 1995 715 2035 a
738 1985 795 2037 tuo
824 1985 995 2054 conspectu
1023 1972 1165 2054 jusseris,

146 2071 237 2156 quasi
257 2075 311 2155 qui
331 2075 480 2135 molestus
500 2071 556 2136 tibi
575 2086 672 2148 esset,
702 2085 764 2136 tam
782 2074 873 2155 parvi
892 2074 1042 2137 estimans
1063 2097 1164 2156 nugas

97 2249 100 2253 ⁴
144 2183 225 2235 naas.
261 2173 367 2236 Porro
387 2173 541 2236 licentiam
563 2196 759 2250 mensarum,
787 2185 901 2259 quanta
921 2175 1066 2245 mercede
1086 2196 1165 2240 ven-

144 2272 269 2348 didisti,
291 2285 356 2336 tota
375 2273 438 2351 jam
456 2274 589 2353 hyeme?
608 2277 687 2341 Nam
708 2275 813 2340 cuitu
831 2274 937 2355 butyri
955 2297 1047 2338 usum
1066 2274 1163 2358 gratis

144 2370 321 2437 indulsisti?
339 2376 390 2438 cul
411 2375 497 2437 lactis
517 2386 549 2435 et
568 2375 728 2438 ovorum?
746 2396 819 2443 cum
841 2375 978 2443 vescaris
997 2375 1065 2457 ipse
1085 2396 1163 2459 qna·

142 2473 322 2556 drupedum
348 2485 380 2537 et
406 2475 511 2539 avium
535 2475 682 2538 carnibus
710 2474 974 2542 indiscretissime.
1019 2476 1083 2539 Sed
1101 2479 1163 2543 boc

142 2575 302 2657 quoddam
322 2574 513 2655 interpretor
533 2577 647 2639 malum
666 2574 775 2656 populi
786 2572 955 2637 Christiani
975 2575 1084 2652 satum,
1104 2580 1161 2660 ¹qui

141 2674 313 2738 dementari
331 2675 376 2737 sie
394 2676 543 2754 potuerit,
564 2687 599 2737 ut
618 2697 684 2738 non
703 2675 809 2738 videat
824 2674 852 2736 si
870 2675 1051 2756 quidpiam,
1064 2675 1125 2738 nisi
1144 2697 1164 2737 a

140 2774 351 2839 Pontificibus
369 2787 440 2838 ante
455 2776 656 2857 permissum,
676 2775 893 2854 usurpandum
905 2775 1041 2852 nonsit,
1063 2798 1161 2861 qnan-

139 2885 208 2939 tum
226 2888 330 2940 tamen
349 2898 414 2937 uon
433 2877 618 2951 conveniat,
637 2874 771 2957 pecunia
791 2874 866 2940 illud
886 2873 1047 2936 emercari.
1087 2877 1159 2949 Tua

138 2997 219 3040 vero
228 2976 478 3056 incomparabilis
490 2978 555 3040 haec
567 2977 695 3041 aiulacia
707 2988 770 3050 est,
788 2975 843 3058 qui
855 2976 942 3058 quod
950 2974 1016 3039 sani
1029 2975 1159 3058 quidem

138 3075 282 3142 boruines
310 3078 397 3140 ferre
423 3080 508 3139 nullo
523 3088 659 3159 possent
685 3087 843 3157 tempore,
874 3077 936 3147 hoc
955 3086 991 3137 tn
1007 3074 1103 3139 iacias
1123 3077 1158 3141 in

136 3175 193 3242 bis.
211 3178 367 3253 motibus,
400 3179 458 3240 bac
488 3179 528 3240 ad
556 3199 608 3240 res
637 3198 744 3247 novas¹
766 3175 927 3240 hominum
956 3176 1156 3256 aspiratione.

135 3277 214 3341 Non
242 3280 294 3341 vel
320 3278 471 3339 tantillum
489 3299 584 3341 morte
609 3276 697 3357 injici
716 3276 818 3356 potuit
836 3274 1060 3356 cupiditatibus
1084 3275 1156 3355 tuis,

137 3399 205 3462 qno
247 3379 312 3439 haee
338 3377 505 3440 transirent
539 3376 690 3440 comitia?
744 3397 813 3458 quae
839 3375 879 3436 ad
909 3375 972 3436 hoc
1000 3374 1158 3441 habentur.

77 3488 80 3503 '
134 3477 286 3553 maxime,
317 3490 351 3539 ut
379 3477 412 3539 in
443 3470 615 3543 libertatem
642 3476 829 3551 vindicetur¹
847 3474 1031 3549 Germania,
1061 3473 1153 3535 vobis

134 3598 248 3661 rapere
268 3579 398 3659 amplius
419 3578 485 3651 bic,
512 3575 653 3643 fraudari
672 3588 704 3637 et
722 3574 821 3643 furari
839 3595 906 3637 non
923 3573 1031 3647 liccat,
1053 3571 1154 3634 tribu-

136 3677 207 3743 tarii
224 3677 374 3759 deinceps
394 3677 467 3746 urbi
487 3699 553 3739 non
572 3677 649 3752 sint,
669 3698 752 3760 qnos
772 3677 926 3756 imperare
945 3672 1017 3735 orbi
1037 3693 1155 3749 colave-

134 3777 191 3853 nit,
210 3800 335 3842 morum
352 3780 510 3843 aboleatur
522 3779 587 3841 hee
606 3777 723 3846 avobis
740 3776 867 3839 inducta
881 3775 973 3837 istinc
994 3773 1153 3857 contagio,

133 3878 240 3949 liberte
256 3879 320 3943 aiut
338 3879 501 3948 bominum
519 3877 734 3953 conscientie,
762 3875 877 3939 veritas
902 3875 936 3937 in
954 3877 1024 3937 luce
1045 3894 1153 3938 verse·

133 3989 204 4056 bar,
243 3981 450 4059 Evangelium
478 3979 511 4040 iu
538 3978 666 4041 auribus
696 3976 785 4060 vulgi
815 3987 926 4061 sonet;
961 3974 1154 4049 Pontificum

133 4079 376 4147 constitutiones
397 4084 476 4145 ultra
497 4083 698 4144 Garamantas
723 4089 754 4140 et
773 4078 870 4159 ludos
889 4075 1152 4163 exulent,-bullis

131 4183 262 4263 posthac
276 4179 387 4244 vexari
397 4183 429 4257 a)
447 4181 647 4246 Germaniam
657 4202 722 4244 uon
732 4164 833 4254 liceat,
853 4187 1037 4260 tantumque
1049 4174 1152 4251 absint

167 4314 192 4374 *t
213 4327 323 4370 murts
351 4337 448 4373 vexate.
