2618 5108
947 267 966 278 0

364 876 408 951 In
432 874 637 950 Lutlrerum
661 869 765 944 Bulla
788 868 938 944 Leonis.
1124 879 1168 955 17

141 1096 276 1160 quorum
295 1083 391 1134 tenor
411 1069 572 1152 sequitur,
613 1077 645 1129 et
667 1074 715 1128 est
744 1062 811 1127 talis
843 1066 985 1128 hsretice
1014 1068 1170 1132 sententia

140 1177 194 1238 sel
242 1173 376 1248 usitata,
447 1179 640 1234 sacramenta
681 1186 773 1227 nove
824 1166 904 1249 legis
944 1165 1169 1248 justificantem

136 1277 268 1360 gratiam
288 1274 348 1336 illis
378 1271 473 1345 dere,
499 1269 556 1354 qui
585 1289 652 1331 non
677 1280 802 1349 ponunt
822 1268 956 1332 obicem.
995 1271 1034 1333 ln
1063 1292 1166 1351 puero

135 1386 208 1458 post
229 1374 421 1456 baptismum
440 1391 558 1452 negare
577 1389 742 1432 remanens
763 1381 942 1452 peccatum,
963 1382 1012 1435 est
1031 1370 1168 1437 Paulum

136 1492 172 1545 et
195 1475 362 1541 Christum
380 1473 695 1554 simul—conculcare.
742 1471 860 1549 Fomes
888 1472 1009 1553 peccati
1028 1476 1121 1538 etism
1139 1475 1168 1539 si

135 1582 259 1647 nullum
295 1574 378 1639 adsit
404 1575 523 1637 semele
553 1584 733 1655 peecatum,
778 1583 919 1636 moretur
949 1586 1120 1640 exeuntem
1150 1596 1170 1638 e

136 1700 276 1763 corpore
297 1677 433 1741 animem
462 1675 502 1738 ab
527 1674 674 1758 ingressu
700 1673 781 1736 eceli.
827 1672 1017 1754 Inperfecta
1036 1677 1169 1740 chorites

138 1781 284 1847 morituri
315 1779 380 1842 lert
405 1798 514 1841 secum
539 1775 719 1839 netiessnrio
746 1795 895 1857 magnum
916 1776 1077 1854 timorem,
1113 1777 1170 1861 qui

137 1906 172 1948 se
192 1884 263 1947 solo
284 1880 359 1942 sotis
388 1888 437 1949 est
464 1876 573 1940 lacere
600 1897 723 1957 poenam
752 1875 946 1958 purgatorii,
980 1891 1013 1941 et
1038 1879 1171 1962 impedit

137 1985 306 2050 introitum
326 1978 428 2062 regni.
470 1981 553 2042 'l'res
566 2000 637 2042 esse
656 1992 760 2059 partes
781 1978 986 2058 poenitentiae,
1005 1979 1171 2044 contritio·

137 2107 222 2162 nem,
242 2082 498 2157 confessionem,
520 2093 552 2143 et
572 2077 830 2154 satisfactionem,
851 2100 918 2141 non
938 2090 986 2142 est
1004 2079 1172 2145 fundatum

138 2187 174 2250 in
200 2205 287 2250 sacra
322 2182 496 2264 scripture,
528 2199 589 2242 nee
614 2180 648 2242 in
674 2177 812 2265 antiquis
839 2181 953 2245 sanetis
985 2180 1172 2246 Christianis

138 2286 342 2351 doctoribus.
386 2281 567 2358 contritio,
595 2302 666 2364 qun
692 2293 820 2364 peretur
844 2304 903 2364 per
929 2283 1170 2365 discussionem,

137 2390 378 2460 collectionem,
402 2394 435 2446 et
453 2381 697 2446 detestationem
711 2394 923 2463 peccatorum,
945 2408 1009 2470 qun
1029 2388 1101 2471 quis
1120 2409 1172 2452 re·

141 2488 264 2571 cogitat
283 2506 384 2548 annos
402 2503 480 2548 snos
493 2483 525 2546 in
541 2485 744 2546 amaritudine
760 2485 867 2548 anime
881 2509 947 2549 suae
963 2488 1173 2567 ponderando

136 2598 345 2672 peccatorum
361 2585 565 2670 gravitatem,
586 2574 835 2662 multitudinem,
855 2586 1042 2663 loeditstenr,
1056 2589 1175 2653 emissi·

138 2711 237 2753 onem
258 2699 381 2752 aeternn
399 2685 620 2761 beatitudinis,
640 2706 677 2747 ao
696 2697 817 2749 eterne
838 2689 1045 2753 damnationis
1066 2690 1176 2774 acqui·

139 2790 308 2866 titionem,
338 2790 405 2853 hee
429 2786 580 2850 contritio
607 2785 683 2849 lacit
714 2787 929 2869 hypocritam,
983 2790 1048 2854 imo
1076 2792 1175 2874 magis

139 2891 394 2976 peecatorem).
431 2887 643 2953 Verissimum
662 2899 711 2951 est
736 2889 960 2970 proverbium,
981 2902 1013 2954 et
1034 2891 1177 2958 omnium

139 2992 286 3056 doctrina
301 2991 344 3054 de
358 2987 600 3052 contritionibus
618 2990 680 3051 huo
694 3010 799 3074 usque
819 2990 890 3053 dete
909 2996 1114 3073 prestantius,
1134 2995 1176 3057 de

141 3103 257 3156 eutero
276 3090 483 3167 nonfacere,
504 3089 830 3173 summnpoenitentie,
853 3093 1174 3174 optimapoenitentie,

138 3213 231 3256 nove
247 3192 320 3256 viu.
350 3192 446 3256 Nullo
464 3191 563 3256 modo
581 3213 750 3274 presumas
765 3193 911 3255 confiteri
924 3205 1054 3274 peccata
1067 3196 1176 3260 venie·

138 3295 204 3368 lia,
237 3292 294 3355 sed
316 3313 375 3357 nec
402 3293 508 3355 omnia
531 3292 691 3369 mortalia,
719 3293 794 3378 quis
822 3294 1014 3375 impossibile
1040 3308 1104 3372 est,
1139 3310 1175 3362 ut

139 3393 291 3460 mortalia
319 3413 519 3481 eognosces3
556 3393 642 3456 unde
669 3392 702 3456 in
729 3393 886 3476 primitive
913 3387 1046 3461 ecclesis
1071 3399 1176 3463 solum

138 3494 310 3562 manifeste
334 3492 479 3560 mortalis
505 3493 748 3559 conlltebentnr.
796 3498 883 3560 Dum
903 3500 1048 3563 volumus
1069 3502 1176 3566 omnia

141 3618 226 3684 pure
240 3596 403 3673 eonfiteri,
422 3594 500 3660 nrlril
511 3595 594 3659 aliud
607 3597 761 3673 lecimus,
778 3619 873 3683 quam
887 3598 978 3682 quod
996 3594 1177 3659 misericor·

142 3688 203 3763 δὴ
215 3696 278 3763 Dei
294 3697 373 3762 nilrss
391 3697 537 3761 volumus
557 3696 739 3782 relinquere
760 3696 1016 3783 ignoscendum(
1040 3697 1175 3760 Pescen

142 3818 212 3865 non
231 3810 305 3862 sunt
323 3797 380 3862 ulli
399 3798 548 3876 remisse,
583 3798 644 3863 nisi
671 3796 849 3863 remittente
874 3802 1043 3868 sacerdote
1067 3799 1177 3881 eredat

144 3898 204 3965 nbi
236 3898 376 3978 remitti;
408 3896 471 3964 imo
506 3912 671 3984 peecatum
688 3892 694 3901 ⁸
711 3911 872 3978 maneret,
915 3901 976 3966 nisi
1011 3888 1177 3968 remissum

144 3998 314 4076 erederelr
341 4020 408 4065 non
425 3998 511 4066 enim
530 4003 643 4069 suffieit
670 4001 816 4070 remissio
836 4003 975 4085 peccati,
1011 4015 1044 4069 et
1070 4002 1177 4086 gratie

144 4100 295 4180 somno,
347 4102 407 4167 sed
439 4114 569 4185 oportet
603 4104 698 4169 etiem
730 4103 864 4168 eredere
897 4124 968 4169 esse
999 4103 1176 4169 remissum.

87 4210 90 4217 '
146 4203 247 4269 ttutto
264 4201 364 4268 modo
382 4205 526 4273 mansas
550 4204 673 4271 absolvi
689 4216 823 4290 propter
841 4215 927 4277 tunm
939 4203 1175 4282 contritionem,

146 4364 376 4393 ,Ἀ

176 4492 206 4551 sl
221 4480 339 4541 cntttse
356 4481 537 4559 dommum
551 4485 633 4557 hoo,
652 4495 688 4545 ut
703 4485 797 4543 multe
817 4485 882 4543 ella.

178 4598 256 4660 puro
270 4599 317 4660 op.
333 4600 362 4650 r.
373 4600 415 4650 tv.
792 4593 814 4656 2
