2618 5108
446 755 713 855 Expostulatio.
742 800 745 811 ·
788 814 790 818 -
1021 762 1096 838 ddi
1122 808 1125 812 -

61 959 116 1012 aut
134 947 262 1029 pessimi
282 959 374 1025 sunt,
394 960 449 1011 aut
469 949 693 1033 potentissimi,
714 963 769 1017 aut
787 964 960 1038 utrumque
978 951 1098 1017 sinuit

61 1051 167 1114 Porro
188 1051 255 1131 ipsa
275 1050 307 1111 iu
335 1033 502 1128 se'eausa,
537 1075 627 1136 aequa
654 1075 694 1115 an
723 1054 833 1140 iniqua
865 1055 921 1132 sit,
955 1059 1007 1119 vel
1032 1058 1096 1119 hoe

60 1162 248 1235 argumento
268 1151 349 1214 scire
369 1153 459 1229 licet,
481 1155 569 1236 quod
583 1155 688 1217 virum
700 1157 794 1232 hunc,
809 1157 865 1240 qui
882 1159 1097 1219 condemnant

60 1251 254 1328 inauditum,
273 1253 490 1329 indefensum,
513 1267 545 1314 et
563 1255 679 1318 indicta
699 1277 808 1334 causa,
831 1278 890 1338 per
909 1259 973 1320 viru
990 1279 1027 1320 ac
1046 1258 1098 1320 ina

62 1351 178 1435 juriam
205 1356 427 1417 condemnant.
474 1357 576 1418 Nemo
598 1358 790 1435 rationibus,
822 1370 857 1420 ut
878 1360 1010 1436 refellat,
1039 1381 1097 1443 aga

64 1455 225 1538 greditur:
255 1467 374 1518 tantum
394 1457 565 1520 maledictis
585 1471 719 1533 vexant,
747 1473 779 1523 et
798 1459 996 1522 contumeliis
1018 1481 1095 1524 exa·

61 1557 173 1638 gitant.
214 1558 310 1638 Quod
330 1557 387 1618 tibi
404 1560 496 1640 quale
513 1558 617 1621 visum
639 1561 809 1644 aliquando
833 1561 888 1636 sit,
910 1573 964 1624 tua
978 1561 1094 1644 scripta

59 1657 211 1720 indicant.
251 1661 336 1720 Eece
357 1659 583 1734 minitantem,
604 1662 632 1723 si
650 1662 849 1741 improbandi
875 1683 999 1726 causam
1014 1665 1096 1726 hano

59 1759 200 1824 rationes
220 1772 344 1834 essent,
366 1759 517 1841 inutiliter
530 1760 588 1821 iilis
601 1764 800 1825 resisteretur
813 1763 988 1826 Germanice
1001 1764 1095 1828 Prin·
1132 1750 1133 1754 Ἰ

61 1862 201 1945 cipibus,
223 1863 278 1946 qui
294 1864 334 1924 ad
352 1884 449 1923 unum
463 1884 572 1924 omnes
590 1863 621 1924 in
639 1866 700 1926 hoc
717 1864 866 1927 videntur
883 1864 1098 1944 conspirasse,

64 1975 101 2028 ut
123 1986 181 2026 uos
204 1963 348 2025 funditus
368 1965 547 2040 destruant,
569 1985 605 2025 ae
624 1987 641 2027 a
660 1965 766 2026 radice
787 1968 834 2043 (ut
856 1966 971 2042 fertur)
991 1966 1097 2028 extin-

61 2077 170 2149 guant.
210 2067 301 2146 Quos
322 2064 368 2126 sic
389 2064 541 2126 animatos
562 2065 645 2140 scio,
674 2077 710 2126 ut
738 2066 765 2129 si
791 2068 844 2128 vel
870 2089 929 2148 per
955 2067 1095 2147 speeiem

61 2165 235 2231 honestatis
257 2165 384 2241 liceret,
406 2166 495 2249 quod
515 2165 569 2227 diu
590 2165 809 2248 jam-agitant,
830 2187 901 2230 eum
915 2167 1000 2230 vires
1020 2167 1097 2244 sint,

63 2269 182 2352 quibus
203 2268 295 2350 tacite
315 2279 462 2349 possent,
483 2268 559 2331 nihil
575 2288 681 2350 neque
694 2267 807 2356 citius,
828 2289 934 2353 neque
946 2269 1095 2350 cupidius

62 2369 224 2444 iacerent,
260 2392 354 2451 quarn
375 2381 485 2432 nostro
511 2391 546 2432 se
567 2370 721 2452 sauguine
748 2370 949 2433 inebriarent.
999 2371 1097 2433 Nuno

66 2493 187 2552 magnae
207 2471 251 2532 ibi
272 2470 446 2554 iniquitatis
474 2471 592 2532 conscii
619 2470 695 2547 sibi,
732 2493 797 2553 quo
822 2473 926 2534 miuus
946 2472 1097 2549 audeant,

60 2572 322 2637 intercessionem
345 2571 450 2654 vulgi,
474 2572 661 2653 indignitate
690 2573 738 2635 rei
759 2593 793 2634 se
815 2573 949 2648 moturi,
980 2592 1098 2635 verena

60 2689 125 2738 tur.
163 2677 275 2757 Itaque
295 2696 367 2735 cum
386 2673 458 2735 hinc
477 2672 627 2753 prohibiti
652 2672 740 2735 aliter
761 2673 888 2735 videant
908 2673 979 2735 stilo
1000 2693 1098 2753 posse

62 2777 132 2858 egi,
161 2788 193 2837 te
214 2775 292 2850 sibi,
323 2795 389 2857 quo
409 2775 507 2857 magis
528 2776 686 2836 neminem
710 2773 830 2857 aiioqui
851 2773 1010 2855 perditum
1028 2775 1099 2835 vele

60 2881 142 2954 ient,
156 2876 334 2958 precarium
349 2877 536 2958 scriptorem
549 2886 748 2956 comparant,
767 2874 822 2958 qui
839 2896 898 2955 pro
913 2896 948 2938 se
960 2894 1096 2961 pugnes·

62 2982 106 3043 Et
126 2978 300 3061 pugnabis,
332 2989 367 3038 ut
387 2977 518 3059 coepisti.
570 2980 617 3040 Ita
637 2978 841 3038 constitutum
861 2976 918 3039 tibi
938 2988 1002 3053 est,
1022 2996 1099 3040 eum·

64 3082 141 3165 quia
171 3079 315 3161 speciosa
344 3080 427 3160 apud
460 3078 659 3142 adversarios
682 3077 787 3139 omnia
806 3089 896 3154 sunt,
928 3076 1097 3144 nobiscum

65 3191 178 3242 contra
205 3180 333 3241 horrida
362 3191 392 3241 et
424 3178 590 3262 fugitum
631 3191 697 3241 tum
728 3180 803 3262 quia
828 3179 1095 3243 invalescentibus

65 3280 215 3362 proxime
236 3280 303 3355 iliis,
325 3282 494 3360 desperare
514 3295 654 3343 nostram
673 3283 774 3343 statint
788 3281 948 3343 fortunam
963 3279 1097 3360 coepisti,

66 3403 103 3443 cc
124 3392 209 3442 metu
228 3381 369 3462 inprimis
392 3381 542 3462 periculi,
576 3385 697 3466 nequid
725 3383 881 3464 superatis
910 3383 1002 3446 nobis
1022 3381 1096 3446 duri

67 3483 213 3564 patiaris,
234 3484 433 3545 alienandum
454 3495 484 3545 te
505 3484 630 3546 dedisti.
676 3489 749 3564 Quo
771 3486 1018 3546 intercesserunt
1037 3485 1096 3545 iliae

67 3606 264 3652 summorum
284 3587 446 3647 hominum
473 3584 690 3661 invitationes,
712 3587 760 3647 ilia
780 3585 921 3666 pssumis,
943 3584 999 3645 ilias
1021 3605 1098 3665 pro-

65 3687 255 3761 missiones,
296 3687 345 3747 itta
386 3687 506 3767 gloria,
552 3687 608 3747 iliae
641 3686 869 3767 triumphorum
910 3706 993 3764 spes.
1042 3684 1097 3746 Sic

65 3792 234 3870 ademptus
272 3789 365 3849 nobis
397 3808 451 3861 es,
483 3787 528 3848 sic
559 3790 617 3850 iliis
646 3788 781 3850 deditus.
842 3786 985 3849 Christus
1012 3785 1095 3848 bene

63 3902 177 3954 vertat.
234 3889 334 3953 Nobis
360 3899 462 3951 tamen
495 3901 607 3969 praeter
634 3889 818 3968 opinionem
848 3887 994 3947 occidunt
1020 3889 1094 3963 iimo,

68 3993 125 4055 sed
146 3991 221 4073 quia
243 3991 404 4063 accidunt,
443 3990 557 4072 eequis,
586 4002 620 4050 ut
640 4013 695 4070 par
715 4001 778 4063 est,
807 3988 946 4049 feremus
973 3988 1094 4051 animis.

63 4095 227 4156 Hactenus
248 4093 381 4155 dubium
402 4094 533 4155 servasti
556 4093 709 4165 animum,
740 4101 831 4151 earite
853 4088 1039 4162 admodum,
1059 4098 1096 4151 ut

64 4198 142 4256 alter
162 4206 288 4259 Metius
308 4196 339 4257 in
362 4196 562 4257 occasionem
580 4193 730 4254 intentus.
779 4193 882 4272 Quam
911 4188 1040 4250 obrem
1061 4190 1094 4251 in

62 4307 183 4358 tanturn
197 4298 295 4359 arietis
310 4297 507 4358 adversariis.
523 4307 557 4356 nt
569 4293 734 4354 victoriam
752 4312 850 4372 penes
862 4311 920 4351 nos
933 4291 1095 4371 desperes,

64 4418 161 4482 quern
188 4419 249 4478 pro
277 4398 399 4463 victore
427 4397 539 4472 habes,
571 4395 609 4457 ‘ei
637 4407 668 4456 te
700 4392 867 4476 adjungis,
899 4394 984 4455 nulla
1009 4394 1097 4457 bona
