2618 5108
313 100 791 296 (an-*vj
832 265 851 276 ⁹

1161 694 1185 741 ,A

383 732 389 749 ·
438 788 640 866 Praedones
690 766 876 894 Dialogus.
1100 809 1165 884 193
1201 863 1203 866 ,

146 976 399 1060 aequitatitales,
422 1001 534 1044 verum
557 980 590 1046 in
608 982 744 1065 litigiosa
761 985 952 1070 loquacitate
978 1009 1167 1060 consumunt

148 1097 299 1160 operam,
320 1100 362 1143 ex
380 1081 476 1146 rebus
495 1084 682 1168 plerumque
702 1085 817 1150 ficutiis
837 1099 870 1149 et
888 1088 1033 1153 inanibus
1052 1093 1165 1178 ingens

146 1178 266 1244 bellurn
296 1184 528 1246 concinnantes.
577 1187 620 1247 Et
646 1199 777 1269 quanta,
809 1186 861 1249 alic
888 1209 966 1266 oro,
995 1215 1056 1273 par
1084 1208 1166 1259 esset

146 1281 294 1364 publice,
325 1294 440 1366 quanta
472 1285 647 1347 animorum
681 1289 867 1369 plerumque
907 1289 1109 1372 conjunctio,
1139 1298 1166 1360 si

146 1403 232 1459 non,
252 1403 323 1466 quae
344 1382 461 1464 optime
481 1383 621 1449 instituta
634 1397 722 1463 sunt,
744 1383 938 1469 iniquissime
958 1390 1166 1474 depravarent

99 1506 103 1513 ·
149 1481 218 1561 ini,
241 1504 348 1566 neque
367 1485 473 1547 liceret
492 1484 556 1557 eis,
583 1484 736 1549 malitiosa
754 1479 813 1551 ista
832 1488 1000 1570 sapientia,
1028 1493 1100 1557 alias
1121 1509 1165 1560 at·

148 1602 213 1668 que
231 1581 305 1646 alias
325 1582 420 1646 rebus
438 1584 559 1665 species
577 1586 755 1650 inducere?

523 1702 757 1766 ·Huttonus.

222 1797 288 1865 Ubi
305 1796 384 1884 quid
401 1811 506 1882 potest
522 1800 644 1866 infinita
661 1803 719 1867 ista
737 1805 890 1871 librorum
906 1807 1032 1873 strues?

533 1918 786 1984 Franciscus.
1139 1980 1144 1990 ,

222 2016 418 2082 Permultum
437 2019 535 2082 credo
555 2031 678 2100 potest;
710 2042 781 2085 nam
801 2022 875 2084 inde
899 2023 996 2085 video
1016 2024 1165 2106 excipere

144 2136 220 2195 eos,
252 2140 318 2202 quo
339 2118 491 2201 optimum
511 2140 672 2204 quemque
692 2143 733 2184 ex
752 2120 910 2202 judicibus
929 2122 1101 2199 fascinant,
1134 2133 1166 2194 et

144 2237 319 2288 occurant.
357 2220 388 2283 A
408 2217 523 2301 quibus
541 2219 573 2282 in
591 2220 753 2284 hominum
769 2234 865 2285 coetus
886 2223 1010 2306 quoties
1024 2222 1166 2286 instructi

143 2320 280 2385 veniunt
298 2341 370 2382 cunr
389 2320 511 2384 casibus
531 2319 615 2397 suis,
648 2322 737 2405 quasi
757 2322 892 2384 Palladis
911 2323 1021 2386 muniti
1040 2325 1164 2404 clype0,

103 2423 108 2429 ’
143 2418 189 2485 ita
227 2421 376 2484 videntur
416 2420 475 2481 sibi
508 2441 650 2502 pugnare
677 2433 787 2483 contra
815 2422 1027 2485 adversarium
1059 2414 1164 2504 posse.

144 2521 297 2605 Pugnare
327 2531 375 2583 est
411 2533 516 2583 autent
544 2520 620 2597 illis,
663 2522 702 2584 ad
735 2543 860 2587 omnem
895 2524 1087 2584 voluntatem
1118 2522 1166 2586 uti

142 2620 226 2685 scire
249 2619 382 2702 iegibus.
423 2623 500 2702 Quae
522 2623 589 2684 laus
612 2631 660 2683 est
686 2620 770 2684 cuim
796 2621 907 2701 (ajunt)
933 2621 1165 2703 legisperitum

142 2719 260 2785 mm
295 2721 386 2783 facile
429 2721 576 2784 obtinere
620 2722 766 2784 causam?
815 2722 846 2784 ls
886 2723 1011 2783 demum
1051 2720 1163 2804 aliquis

141 2820 267 2887 amai
304 2822 417 2898 debet,
463 2824 517 2907 qui
548 2825 627 2886 maia
665 2843 795 2905 quoque
827 2821 956 2884 vincere
991 2821 1073 2901 potis
1106 2832 1163 2884 est.

137 2920 273 3006 ⁴Quippe
292 2931 329 2986 ut
348 2942 422 2985 cera
447 2933 595 2986 tractatur
614 2921 739 2985 artificis
770 2922 929 2997 manibus,
956 2920 999 2983 ita
1026 2920 1164 2983 formant

138 3018 194 3106 jus
219 3018 278 3099 bi,
309 3041 346 3084 ac
377 3025 464 3105 leges
491 3034 662 3107 torquent,
701 3033 733 3084 et
768 3031 974 3106 retorquent,
1006 3041 1086 3104 quo,
1104 3041 1162 3083 vo·

138 3122 230 3200 iunt,
260 3133 294 3187 ct
320 3144 386 3207 quo
417 3146 459 3187 ex
487 3146 524 3188 re
553 3145 610 3186 sua
629 3135 686 3186 est.
725 3122 825 3202 Igitur
844 3122 903 3183 sub
923 3120 1038 3203 quibus
1057 3132 1161 3199 tyran·

137 3223 210 3300 nis,
240 3222 386 3289 miserius
406 3223 584 3309 viveretur,
621 3226 647 3287 si
666 3223 749 3285 helio
769 3222 850 3284 victa
869 3231 952 3284 esset
982 3220 1159 3298 Germania,

138 3343 239 3410 quam
256 3322 317 3388 sub
336 3322 540 3407 iniquissimis
560 3343 644 3384 nunc
663 3324 783 3405 agimus
814 3320 938 3403 justitiae
966 3321 1160 3401 dispensato·

138 3423 256 3511 ribus?
288 3434 342 3486 aut
370 3447 440 3509 quae
468 3443 551 3485 arma
576 3434 705 3503 possent
723 3421 865 3484 acerbius
885 3423 917 3483 vi
936 3422 1073 3503 affligere
1093 3443 1160 3484 res·
1243 3491 1245 3495 y

137 3524 300 3611 publicas,
331 3545 426 3608 quam
447 3524 561 3586 fraude
586 3520 638 3585 isti
659 3521 705 3584 fas
725 3539 756 3584 ct
770 3544 911 3607 aequum,
931 3521 1002 3603 jura
1019 3541 1054 3583 ac
1071 3521 1158 3601 leges

140 3622 340 3690 dilacerant?
359 3625 434 3687 mihi
457 3623 600 3704 proiecto
620 3621 666 3685 sio
687 3622 831 3698 videtur,
856 3621 966 3684 melius
985 3622 1081 3702 longe
1101 3639 1159 3699 gn-

139 3724 304 3792 bertraum
333 3725 433 3789 tuisse
468 3724 666 3788 Germaniam
695 3732 787 3796 tunc,
820 3742 892 3784 cum
924 3720 957 3782 in
990 3720 1082 3783 armis
1106 3718 1157 3800 jus

140 3824 282 3911 positum
314 3836 399 3904 erat,
433 3847 528 3909 quam
555 3846 659 3901 nunc,
692 3843 763 3884 cum
788 3819 840 3884 isti
872 3831 1004 3900 regnant
1031 3820 1158 3902 publice
1234 3841 1236 3845 ·

139 3925 228 4009 docti
253 3926 486 4002 turcomanni,
523 3925 671 4009 quicum
689 3923 823 3985 maxime
843 3921 919 4000 justi
946 3942 1016 3984 esse
1035 3923 1158 3994 votum,

137 4024 287 4111 injuriam
305 4025 440 4090 maxime
455 4026 584 4089 iaciunt.
602 4027 660 4088 ltto
676 4023 760 4086 enim
775 4033 935 4104 tompore,
954 4016 1159 4104 quia'simpli·

137 4126 209 4192 eius
228 4126 329 4190 adhuc
347 4125 497 4190 vivebant
515 4125 673 4200 homines,
695 4143 800 4206 neque
820 4123 863 4184 ita
875 4122 961 4184 fraus
974 4121 1157 4199 invaluerat,

137 4227 357 4294 defendebant
385 4227 424 4290 ab
454 4226 675 4289 innocentibus
707 4223 772 4286 vim
804 4233 836 4284 et
869 4221 1016 4303 injuriam
1046 4223 1156 4303 gratie

137 4349 226 4395 nune
245 4348 309 4414 qua
326 4325 360 4390 vi
379 4327 530 4390 obruatur
550 4328 697 4411 aequitas,
717 4324 838 4387 elibn's
851 4323 981 4406 potitur.
1019 4322 1157 4404 Quibus·

137 4450 212 4497 urm
230 4430 378 4514 preclare
397 4439 545 4512 ageretur
562 4427 727 4503 existimo,
753 4423 861 4580 siiqno
875 4445 984 4488 omnes
997 4421 1049 4487 die
1063 4433 1158 4506 quot-

173 4532 242 4583 urta
254 4531 300 4593 ΟΡ.
315 4529 344 4579 Τ.
355 4528 398 4581 IV.
802 4521 806 4534 '
