2618 5108
919 54 924 65 ἱ

541 105 829 291 ,οι
873 268 890 279 ⁹

371 280 539 299 asu-*it*

492 862 497 870 ,
566 785 754 886 Dialogus.
828 802 836 833 ¹
1103 795 1171 868 ¹25

558 981 758 1045 Monitor.

150 1144 153 1149 .
220 1079 488 1165 Quoties‘dicam,
508 1080 625 1147 idcirco
638 1085 749 1146 Rome
761 1082 903 1148 deditum
920 1105 986 1164 me,
1006 1098 1043 1152 ut
1056 1085 1174 1152 Christi

140 1182 234 1247 sim?-

548 1258 733 1323 Lutheru
743 1284 769 1324 s.

152 1427 154 1431 ,
214 1362 330 1435 Erras,
350 1361 400 1423 hic
421 1371 453 1425 to
470 1359 515 1422 ilii
534 1360 698 1435 dabimus3
725 1360 775 1423 hic
794 1361 827 1424 in
847 1364 977 1427 salutern
998 1363 1170 1427 vindicabi-

138 1483 219 1526 mus.
258 1461 362 1523 Veni!
388 1484 437 1525 me
469 1465 621 1545 sequere!
656 1467 871 1545 sequererne!
903 1464 947 1526 sie
975 1475 1006 1526 te
1027 1463 1171 1529 Christus

140 1575 241 1640 amet,
263 1583 295 1625 et
313 1575 430 1625 servet.

561 1637 753 1701 Monitor.

214 1742 259 1804 At
279 1739 342 1821 jam
371 1742 432 1802 hoc
451 1740 551 1802 vetuit
571 1759 711 1803 suminus
742 1738 792 1801 itte
812 1753 940 1818 pastor,
972 1741 1172 1806 damnaturus

138 1844 236 1917 hanc,
257 1864 352 1926 quara
368 1854 403 1904 tu
420 1844 606 1926 nescioquo
624 1842 739 1904 lucrari
752 1845 857 1917 voles,
878 1842 1044 1904 animulam
1059 1865 1171 1936 meam,

139 1944 243 2008 modis
264 1943 429 2017 omnibus,
457 1946 485 2005 si
503 1943 561 2004 tibi
587 1964 746 2025 unquam,
774 1956 937 2025 utcunque
966 1958 1172 2007 conversatus

139 2046 256 2121 suem
288 2047 346 2107 sed
366 2047 445 2127 quid
465 2045 583 2107 diutius
604 2044 737 2106 detineri
757 2051 808 2104 sue
827 2043 947 2123 patior,
974 2045 1031 2126 qui
1051 2067 1114 2105 nou
1137 2060 1173 2110 ut

140 2148 204 2208 hec
224 2145 387 2221 audirem,
408 2147 465 2208 sed
485 2146 525 2207 de.
545 2165 596 2207 me
615 2157 650 2206 ut
669 2165 850 2218 monerem,
873 2155 905 2206 et
924 2145 1081 2208 discessus
1100 2146 1174 2208 hine

141 2258 174 2312 te
191 2249 256 2311 mei
277 2245 447 2310 certiorem
464 2248 622 2320 iacerem,
644 2246 857 2307 adveneram?
1030 2245 1033 2251 '

655 2375 761 2416 erus

216 2459 322 2536 Quem
341 2461 415 2541 quia
446 2357 648 2521 familiiriiii
667 2455 790 2532 audivi,
823 2456 870 2520 ias
900 2467 949 2520 est
978 2467 1011 2520 te
1039 2479 1174 2543 quoque

141 2556 280 2621 vicissim
300 2558 411 2622 audire
430 2581 491 2622 me.
713 2632 715 2636 ,

558 2635 759 2698 Monitor.

214 2736 339 2799 Audire
370 2736 489 2812 adhue,
518 2758 616 2821 (prem
644 2748 679 2798 tu
714 2746 762 2798 tot
792 2734 899 2800 verbis
930 2735 1083 2799 obtudisti
1115 2735 1172 2802 diu
1232 2726 1235 2732 ¹

139 2835 226 2918 jam?
247 2839 371 2900 Tamen
384 2837 411 2899 si
428 2838 598 2921 aliquando
612 2841 707 2902 finem
720 2835 831 2911 iacias3
852 2858 1042 2921 quamquam
1054 2858 1174 2909 uereor¹

139 2937 253 3014 etiem,
282 2961 325 3002 ne
345 2939 401 3021 qui
414 2939 595 3002 Romanum
613 2939 803 3002 Pontificem
828 2938 925 3000 iacias
944 2937 1092 3016 inopem,
1121 2959 1173 3001 me

138 3060 273 3124 quoque
299 3035 559 3122 persuasionibus
588 3038 767 3104 istiusmodi
797 3037 859 3100 tuis
886 3039 926 3100 ad
955 3050 1174 3121 paupertatem

137 3141 309 3226 aliquando
328 3140 466 3224 redigas.

542 3218 761 3281 Lutherus.

215 3320 247 3382 A
268 3339 319 3380 me
340 3319 470 3402 quidem
489 3339 556 3380 non
576 3319 638 3382 eris
658 3331 693 3380 tu
712 3340 852 3400 pauper,
872 3341 968 3403 quem
987 3331 1051 3402 ego
1071 3303 1194 3383 sirtuss

138 3418 224 3481 tibus
245 3420 439 3500 locupletare
460 3441 592 3503 quoque
612 3423 776 3501 proposui.
815 3420 928 3504 Neque
943 3423 1027 3482 ilium
1042 3421 1172 3502 inopem

136 3519 279 3596 reddidi,
311 3531 365 3583 aut
394 3525 551 3601 egenteni.
599 3522 697 3604 Quod
727 3533 762 3582 ut
782 3521 954 3602 inteiligas,
988 3523 1043 3605 qui
1070 3524 1172 3603 possit

138 3618 232 3702 inops
253 3619 335 3698 diei,
356 3632 410 3683 aut
430 3642 570 3704 egenus,
591 3623 618 3684 si
638 3644 680 3683 ex
701 3625 755 3702 iis,
778 3646 847 3706 quae
869 3644 932 3706 ego
947 3644 1081 3701 moneo,
1102 3627 1171 3686 i'or·

138 3736 204 3782 met
232 3740 287 3797 se,
318 3742 391 3783 eum
426 3733 512 3811 totus
540 3724 573 3783 in
606 3723 736 3786 Christo
761 3724 887 3787 iuturus
919 3736 995 3786 tunc
1026 3727 1081 3803 sit,
1114 3723 1171 3811 qui

139 3838 302 3904 uunquam
324 3843 435 3902 possus
465 3834 513 3883 est
533 3844 631 3905 egere
662 3826 765 3887 suos?
792 3833 843 3893 An
864 3847 928 3888 non
950 3829 1064 3890 audisti
1085 3853 1171 3909 eum,

139 3919 198 4003 qui
216 3921 309 3984 dicit:
354 3934 500 3999 ‚‚Junior
518 3934 596 4004 sui,
627 3945 655 3990 et
680 3939 788 4008 senui,
821 3948 849 3992 et
866 3959 929 3996 raon
955 3944 1023 3999 vidi
1041 3950 1173 4016 justum,

137 4023 321 4078 derelictum
330 4065 340 4093 ,
359 4043 416 4080 nec
433 4044 536 4083 semen
553 4033 622 4099 eJ‘us
639 4048 776 4104 quaerens
790 4039 942 4104 pattsm.“

563 4129 759 4193 Monitor.
953 4118 956 4122 Δ

214 4226 257 4288 Et
275 4236 379 4289 tamen
400 4230 567 4311 pecuniam
589 4234 678 4292 noles
699 4232 815 4296 habere
836 4236 933 4300 ilium.

545 4332 762 4395 Lutherus.

212 4426 329 4510 Neque
349 4433 442 4493 etiam
464 4452 593 4515 cupere.
