2618 5108
883 52 887 61 t

322 102 794 301 ira-,vj
837 266 855 277 9

463 844 465 848 ν
507 774 510 779 ’
538 800 726 902 Dialogus.
794 814 800 821 ·
1077 806 1141 877 nt

117 1003 318 1086 proximum,
346 998 424 1062 nulli
448 1015 587 1072 nocere,
615 996 719 1059 multis
738 996 910 1080 prodesse,
938 1018 1006 1061 non
1026 963 1145 1061 iniierre

117 1103 287 1185 injuriam,
307 1102 401 1165 etiam
421 1100 611 1176 defendere,
641 1119 736 1180 opem
753 1099 839 1162 serre
859 1100 996 1175 afflictis,
1016 1120 1146 1162 succur-

114 1226 189 1269 rere
208 1202 386 1285 oppressis,
415 1200 528 1280 juvare
547 1199 679 1282 inopes,
710 1200 870 1281 impertire
889 1190 1008 1284 aliquid
1027 1221 1147 1282 paupe·

113 1307 221 1381 ribus,
253 1305 393 1384 affligere
417 1323 535 1383 eorpus
563 1301 672 1364 labore
702 1313 735 1365 et
753 1301 887 1385 vigiliis,
918 1322 1079 1365 macerare
1098 1298 1147 1382 je*

114 1408 226 1490 junio,
257 1418 410 1491 torquere
431 1403 634 1478 abstinentia,
663 1403 805 1486 denique
837 1405 948 1468 vivere
978 1404 1011 1466 in
1043 1414 1146 1466 totum
1225 1469 1229 1484 ,

115 1507 394 1580 abstinentissimo,
416 1506 493 1568 nihil
512 1526 660 1587 magnum
673 1518 773 1582 esset,
794 1506 1053 1589 qnandoquidem
1072 1505 1146 1566 lice*

112 1616 165 1673 ret
196 1610 230 1672 in
263 1608 332 1670 otio
358 1622 391 1670 et
409 1607 543 1682 desidia,
572 1618 706 1688 torpore
735 1621 768 1669 et
786 1608 940 1689 segnitie,
967 1607 999 1668 in
1020 1607 1146 1687 crapula

114 1724 148 1774 et
167 1711 337 1784 ebrietate,
372 1710 451 1772 luxu
480 1720 512 1771 et
537 1705 674 1783 deliciis,
705 1707 738 1770 in
757 1708 803 1770 ira
827 1720 860 1770 et
879 1707 976 1783 odio,
996 1707 1146 1790 superbid

113 1823 148 1873 et
164 1812 267 1886 fastu,
295 1810 388 1874 lurtis
410 1809 587 1891 straminei,
615 1809 708 1873 furiis
727 1822 760 1872 et
779 1812 884 1887 crede,
915 1810 1071 1887 breviter,
1098 1809 1146 1871 in·

113 1936 211 1976 eursu
231 1912 285 1974 illo
307 1900 467 1973 malorum¹
479 1933 630 1990 operum,
656 1911 783 1974 beatum
802 1913 889 1986 lieri,
917 1922 1035 1974 tantum
1055 1911 1145 1973 emtis

112 2013 252 2096 pecunia
271 2012 569 2074 condonationibus.
618 2015 660 2074 Et
679 2024 755 2075 tune
774 2011 933 2096 Fuggeris
953 2014 1052 2092 primo
1071 2014 1144 2073 loco

111 2117 256 2198 proclive
278 2125 362 2177 esset
380 2113 474 2175 salvis
495 2113 575 2175 fieri.
613 2115 695 2178 Nam
709 2115 834 2178 abunde
846 2115 997 2179 haberent
1016 2115 1058 2190 ii,
1078 2134 1144 2198 quo

110 2219 228 2282 iterum
255 2227 351 2297 atque
370 2215 486 2277 iterum
514 2226 668 2277 emerent.
714 2217 788 2295 Quo
810 2224 902 2297 pano
921 2239 979 2298 per
998 2213 1146 2295 injuriam

114 2318 342 2401 praeriperetur
370 2315 567 2401 pauperibus
593 2315 785 2398 promissum
818 2340 836 2381 n
857 2318 985 2382 Christo
1010 2336 1146 2400 regnunt

111 2422 283 2492 eoelorum,
303 2429 336 2481 et
348 2417 388 2479 ad
400 2417 512 2480 divites
532 2419 804 2498 ac=voluptuarios
825 2418 920 2482 toties
939 2420 978 2481 ab
994 2419 1049 2481 illo
1060 2419 1146 2482 ‹lam-

110 2532 203 2583 natos
223 2518 326 2581 invito
347 2518 418 2600 ipso
438 2517 674 2581 transferretur.
719 2518 829 2603 Atque
845 2521 898 2584 has
919 2535 980 2584 tam
1000 2520 1145 2585 sordidas

110 2619 380 2703 cauponationes,
408 2631 470 2682 tam
488 2619 703 2683 fraudulentas
734 2620 941 2702 imposturas,
968 2623 1008 2687 nd
1027 2621 1146 2685 animo·

110 2745 183 2788 rum
211 2724 343 2786 salutem
372 2722 522 2784 conferre
552 2720 672 2803 aliquid
702 2723 873 2785 existimas.
925 2724 1012 2809 Quin
1041 2724 1145 2805 potins

109 2825 261 2888 frivolam
284 2825 365 2885 hane
385 2823 424 2884 ab
445 2823 549 2884 animo
570 2821 752 2905 opinionem
766 2835 900 2899 excute,
923 2843 1020 2907 teque
1038 2824 1144 2886 refor-

108 2927 261 2991 mandum
281 2925 403 3007 praebe,
433 2935 469 2987 ut
489 2922 663 3007 intelligas,
693 2923 818 2986 inanem
845 2923 957 2988 sucum
978 2945 1048 2988 esse
1067 2927 1141 2995 haer,

108 3027 238 3092 veritati
259 3027 431 3111 quominus
459 3036 649 3109 agnoscatur
662 3035 874 3106 praetensum.
924 3026 962 3088 td
982 3027 1073 3109 quod
1092 3026 1145 3088 rel

108 3152 211 3194 unum
230 3128 323 3191 bullae
342 3128 533 3190 vocabulum
553 3124 728 3189 admonere
738 3137 770 3188 te
788 3125 914 3200 debuit;
935 3125 1027 3207 eujus
1047 3139 1146 3191 mate-

105 3227 267 3306 riascnm
288 3230 329 3292 sit
348 3229 449 3291 inanis
470 3229 600 3312 quidem
620 3229 731 3302 ssatus,
763 3226 867 3308 primo
888 3227 1032 3310 quolibet
1051 3210 1145 3290 levis·

106 3333 189 3398 aimo
209 3331 305 3394 etiam
324 3330 461 3411 impulsu
480 3329 710 3411 disperiturus,
731 3327 810 3412 quid
830 3329 865 3392 in
883 3328 976 3394 bullis
990 3330 1143 3396 Romanis

106 3434 212 3499 fidere
233 3432 342 3509 liceat,
363 3430 624 3515 cognoscendum
645 3429 708 3492 dat.

527 3584 723 3648 Monitor.

185 3709 318 3794 Optimo
352 3709 426 3791 jure
465 3720 703 3792 persequuntur
734 3719 766 3771 te
795 3708 1009 3773 infensissimo
1037 3710 1143 3784 multi;

110 3810 245 3892 primum
264 3812 431 3874 Romanus
451 3811 623 3887 Pontifex,
654 3810 709 3876 sui
728 3813 817 3895 qnod
844 3813 882 3875 in
897 3810 968 3893 ejus
987 3823 1143 3893 potestate

108 3932 266 3976 summum
285 3923 353 3987 est,
373 3913 501 3987 adimis,
521 3911 637 3981 deinde
651 3914 855 3996 Cardinales,
876 3927 909 3978 et
924 3913 1144 3981 protonotarii

108 4033 238 4088 omues,
275 4024 444 4096 totumque
464 4014 539 4076 illud
560 4015 712 4079 Romane
733 4019 809 4078 sulse
829 4017 1020 4090 concilium,
1053 4014 1144 4098 quod

107 4114 149 4176 ab
169 4114 394 4194 indulgentiis,
423 4126 455 4175 et
482 4114 535 4190 iis,
564 4136 633 4198 quae
660 4129 695 4178 tu
727 4118 847 4202 pariter
874 4117 980 4199 colligi
1007 4117 1144 4180 Romam

106 4228 214 4290 vetas,
234 4216 338 4279 alitur.
359 4215 477 4278 Postea
494 4226 605 4296 inopes
619 4225 750 4294 scribe,
773 4228 805 4279 et
825 4219 959 4296 notarii,
978 4239 1016 4282 ae
1033 4225 1144 4282 misen·

107 4323 272 4395 copiistoe,
300 4315 358 4399 qui
372 4315 445 4378 'nisi
470 4316 561 4383 bullae
579 4318 769 4382 fabricandae
797 4320 932 4397 dentur,
961 4316 1145 4382 necessario

104 4416 235 4479 tandem
252 4415 406 4480 esurient.
