2618 5108
208 816 278 938 689
446 815 527 891 ott.
548 815 748 893 Brunselsii
770 817 975 918 Responsio

209 1005 281 1103 qui
285 1016 359 1070 sunt
377 1005 420 1070 itti
435 1007 639 1072 sacerdotes?
658 1008 744 1072 Huic
757 1010 1009 1090 postremissimus
1023 1009 1122 1075 turbu
1141 1010 1231 1075 licuit

206 1091 330 1170 tuatim
346 1105 453 1170 scire?
478 1106 623 1172 Attonsis
641 1127 762 1171 comam
789 1120 822 1171 et
839 1109 967 1174 unctis?
992 1113 1057 1176 Sed
1075 1111 1147 1194 quis
1161 1109 1231 1190 jus-

208 1205 330 1269 sithoc
347 1206 517 1270 discrimen
541 1205 713 1270 inferrem
738 1212 893 1290 populum
912 1210 990 1287 Dei,
1022 1223 1058 1275 ut
1075 1213 1138 1276 sint
1157 1211 1230 1295 qui·

207 1306 280 1370 dam
299 1304 362 1370 rasi
380 1317 412 1368 et
430 1327 497 1369 non
515 1306 597 1383 rasi,
625 1307 754 1389 quidam
779 1309 866 1370 uncti
886 1324 918 1372 et
938 1331 1004 1373 non
1022 1315 1126 1388 uncti,
1156 1315 1230 1396 qui·

207 1406 281 1470 dem
299 1405 387 1470 docti
406 1418 438 1470 et
455 1406 598 1470 indocti?
617 1427 703 1471 cum
729 1418 833 1471 tamen
861 1410 949 1473 Deus
977 1432 1086 1473 omnes
1114 1412 1231 1477 fecerit

208 1496 440 1585 therdidactos,
462 1529 572 1571 omnes
592 1507 721 1570 unxerit
741 1509 928 1571 credentes?
946 1513 998 1573 An
1017 1533 1076 1591 pro
1096 1517 1229 1579 attonsis

208 1617 330 1671 tantum
362 1620 411 1670 est
439 1620 584 1672 mortuus
616 1606 786 1672 Christus?
814 1612 867 1672 An
896 1632 963 1672 non
993 1595 1053 1692 pro
1080 1613 1229 1679 omnihus

207 1719 352 1792 mortuus
373 1708 442 1772 est?
459 1711 514 1773 An
540 1730 607 1772 non
626 1731 736 1772 omnes
756 1710 882 1772 volebat
903 1711 985 1774 scire
1004 1715 1227 1795 Evangeh'utn,

207 1808 292 1872 scire
310 1809 445 1873 verbum
463 1829 573 1885 suum,
601 1821 637 1872 ut
655 1832 712 1891 per
731 1811 981 1874 consolationem
999 1813 1231 1893 scripturarum

209 1931 301 1996 spent
327 1911 523 1976 habeamus?
544 1910 631 1993 Quid
657 1932 736 1992 crgo
762 1933 836 1972 non,
849 1912 979 1991 expedit
1005 1934 1114 1977 omnes
1131 1915 1228 1994 scire,

210 2013 301 2097 quod
331 2012 477 2076 omnibus
506 2011 624 2075 dictum
651 2022 699 2074 est
718 2022 750 2072 et
766 2009 934 2090 scripturn,
966 2013 1048 2076 etin
1070 2035 1135 2098 quo
1157 2037 1229 2079 om.

207 2112 298 2178 nium
323 2117 406 2178 salus
432 2113 617 2194 pendebat?
646 2113 699 2175 Au
715 2111 801 2173 forte
828 2134 869 2175 ne
896 2111 1083 2193 imposturas
1103 2128 1227 2180 vestras
1280 2103 1287 2118 ⁸

205 2215 407 2292 videremus,
427 2213 543 2298 quihus
561 2211 733 2295 torquetis,
754 2211 895 2290 flectitis,
913 2215 1133 2294 corrumpitis,
1152 2238 1229 2297 per.

206 2317 345 2393 vertitis,
365 2314 565 2389 subvertitis,
594 2311 788 2376 confunditis
808 2326 839 2375 et
858 2313 1021 2404 inyolvitis
1041 2315 1227 2396 scripturas,

205 2428 243 2482 ut
260 2417 352 2479 liceat
381 2416 532 2499 quamdiu
559 2415 754 2495 tyrannidem
775 2434 942 2488 exercere,
975 2415 1129 2478 dominari
1149 2420 1229 2483 fidei

206 2529 338 2594 nostru,
371 2527 403 2578 et
423 2529 570 2600 tanquam
591 2516 696 2578 fatuos
717 2515 870 2577 infatuare
890 2525 921 2575 et
940 2515 1120 2577 dementare
1140 2519 1227 2581 nos?

97 2677 100 2683 ,
205 2625 323 2683 Verum
341 2618 403 2681 hoc
422 2615 485 2698 jam
506 2617 628 2679 dudum
655 2614 928 2697 deprehendimus.
978 2616 1115 2695 Operam
1134 2619 1229 2683 lude·

108 2732 113 2744 ·
204 2717 257 2782 tis.
292 2720 365 2803 Age
380 2730 500 2794 umen,
521 2718 599 2800 quid
617 2715 728 2779 doceri
745 2727 871 2795 poterat
890 2715 1087 2798 religiosius,
1112 2740 1227 2801 quam:

204 2842 247 2886 ex
266 2821 335 2884 sola
361 2820 425 2883 fide
450 2839 509 2882 nos
538 2816 719 2898 justificari3
751 2815 912 2879 Christum
945 2817 1080 2898 pcccatis
1105 2822 1227 2886 nostris

202 2941 274 2987 csse
293 2918 479 3003 propitium
498 2939 558 2999 pro
579 2918 672 2979 nobis
692 2937 799 2990 orare;
820 2937 914 2998 quam
933 2930 968 2978 ut
986 2919 1159 2987 discamus:
1175 2922 1225 2986 de

201 3020 296 3085 nobis
323 3021 476 3095 diffidere,
511 3017 639 3082 Christo
670 3019 851 3092 confidere,
884 3020 1077 3081 voluntatem
1104 3024 1223 3088 nuliam

203 3120 297 3183 nobis
327 3121 457 3183 liberam
483 3140 574 3194 esse,
607 3119 666 3182 sed
694 3119 786 3180 nohis
813 3118 920 3182 omnia
937 3119 1126 3201 tlispcnsari;
1159 3142 1221 3188 nos

202 3231 273 3284 'esse
291 3220 373 3282 filios
391 3231 424 3281 et
444 3240 546 3301 genus
565 3220 645 3294 Dei,
675 3220 813 3282 haeredes
842 3220 957 3284 Christi
985 3234 1017 3283 et
1035 3224 1113 3299 Dei,
1142 3237 1223 3300 tcm-

203 3323 291 3402 plum
310 3319 445 3400 Spiritus
465 3319 590 3394 Sancti,
621 3321 660 3380 ab
680 3319 749 3401 ipso
769 3332 881 3384 unctos
904 3333 938 3382 et
957 3325 1166 3389 sanctificatos
1188 3327 1222 3391 in

202 3444 304 3508 genus
324 3424 474 3497 eiectum,
498 3420 624 3502 regium
642 3431 674 3481 et
691 3424 899 3496 sacerdotale;
928 3422 994 3502 ipsiv
1014 3445 1084 3488 esse
1111 3447 1222 3492 curam

199 3526 241 3591 de
262 3523 370 3599 nobis3
390 3546 451 3587 nos
469 3543 540 3586 esse
560 3525 712 3604 populum
732 3523 820 3599 ejus,
841 3534 873 3584 et
894 3543 972 3587 oves
989 3547 1111 3602 pascuae
1131 3530 1220 3609 ejus;

203 3646 277 3690 eum
298 3648 368 3690 esse
388 3636 532 3707 autorem
550 3624 708 3686 honorum
726 3624 868 3686 omnium
888 3636 920 3686 et
938 3629 1111 3702 maiorum
1130 3632 1220 3697 ‚nihii

202 3727 236 3792 in
264 3728 356 3790 terris
392 3727 463 3809 geri
503 3726 626 3809 absque
659 3747 716 3788 sua
745 3730 923 3798 voluntate;
946 3728 1092 3806 ¹capillos
1126 3732 1222 3796 etiarn

200 3830 310 3913 capitis
329 3831 430 3893 nostri
448 3849 519 3893 esse
537 3842 736 3901 numeratos;
764 3848 797 3888 se
817 3828 919 3888 solum
939 3849 1009 3892 esse
1028 3830 1220 3909 Dominum

200 3955 261 3997 nos
280 3953 363 3994 vero
381 3931 456 3993 nihil
475 3931 535 3993 uisi
555 3952 705 4011 vaporem
732 3941 764 3991 et
792 3927 911 3990 lutum?
943 3929 1047 4011 Quid,
1077 3930 1219 4014 iuquam,

200 4035 240 4099 iis
263 4043 388 4116 poterat
406 4031 517 4094 doceri
535 4033 632 4114 magis
650 4032 757 4113 frugi,
783 4029 918 4094 maxime
936 4051 1008 4096 cusu
1027 4032 1072 4095 sic
1090 4030 1222 4111 jusserit

194 4132 362 4210 Christus,
395 4143 429 4196 et
457 4133 614 4214 scriptura
644 4134 682 4196 iis
708 4132 913 4196 refertissima
940 4132 1002 4195 siti
1032 4134 1074 4193 Et
1094 4145 1128 4195 tu
1145 4153 1221 4201 curn

202 4234 337 4318 Papistis
350 4235 453 4298 adhuc
466 4234 613 4308 somnias,
627 4254 781 4315 generare
790 4233 977 4296 seditionem
988 4242 1020 4294 et
1032 4233 1218 4300 dissidium?

202 4337 321 4418 Utique
345 4333 529 4398 dissidium!
567 4335 647 4397 Num
679 4357 736 4416 per
767 4336 828 4397 hoc
860 4331 1047 4396 discernitur
1078 4338 1217 4415 populus

204 4435 322 4503 Christi
345 4458 366 4501 a
383 4432 604 4499 trutlitiouibus
626 4444 661 4497 et
677 4434 792 4498 tabulis
809 4429 1006 4499 Antichristi.
1058 4434 1132 4498 tto·
1150 4435 1218 4518 siga
