2618 5108
1251 268 1270 279 0

152 861 193 928 18
371 850 414 926 In
438 851 643 926 Lutherum
666 851 769 926 Bulla
792 850 939 928 Leonis.

144 1045 202 1118 sed
221 1055 353 1128 propter
378 1044 513 1107 verbum
532 1042 670 1108 Christi:
692 1044 919 1130 Quodcunque
945 1049 1089 1125 solveris,
1109 1061 1170 1113 etc.

144 1147 206 1210 Hie
232 1146 361 1230 inquam
390 1146 532 1221 confide,
580 1145 607 1207 si
637 1146 810 1211 sucerdotis
840 1148 1017 1212 ohtirnreris
1045 1151 1170 1214 absolu-

144 1248 281 1322 tionem,
301 1259 333 1310 et
352 1242 447 1310 erede
466 1245 593 1310 fortiter
605 1257 636 1308 te
650 1248 845 1322 absolutum3
866 1259 898 1310 et
917 1250 1079 1314 absolutus
1093 1273 1170 1315 vere

40 1369 43 1379 ·
143 1349 225 1424 eris,
254 1347 412 1433 quidquid
435 1347 476 1409 sit
507 1348 548 1410 de
575 1347 778 1411 contritione.
822 1348 856 1411 Si
884 1371 941 1429 per
974 1351 1170 1432 impossibile

142 1449 311 1514 confessus
331 1471 399 1512 non
418 1464 503 1513 esset
521 1449 694 1524 contritus,
727 1460 781 1512 aut
807 1451 954 1514 sacerdos
979 1473 1044 1513 non
1072 1453 1169 1534 serio,

141 1553 199 1615 sed
227 1549 302 1633 joco
336 1551 532 1626 absolveret,
577 1550 604 1613 si
631 1562 736 1613 tamen
768 1551 875 1613 eredat
907 1571 942 1614 se
979 1553 1169 1631 ahsolutum,

142 1652 303 1716 verissime
330 1663 379 1715 est
408 1652 581 1716 absolutus.
627 1652 665 1712 ln
694 1662 889 1716 sacramento
925 1654 1112 1735 poenitentis
1132 1678 1170 1719 ae

140 1753 326 1818 remissione
352 1755 449 1834 eulpae
487 1769 554 1814 non
580 1753 650 1833 plus
677 1752 754 1814 lacit
779 1753 868 1835 Papa
906 1766 958 1817 aut
986 1755 1167 1840 episcopus,

139 1877 234 1940 quam
247 1853 373 1918 infunus
391 1854 556 1927 saeerd0s;
587 1853 652 1915 imo
675 1853 728 1915 uhi
742 1866 870 1917 nonest
887 1855 1054 1933 sacerdos,
1078 1879 1169 1940 reqrae

138 1968 257 2019 tantum
284 1955 418 2040 quilibet
437 1953 654 2028 Christianus,
689 1953 831 2016 etiamsi
862 1953 976 2018 mulier
1007 1968 1060 2018 aut
1088 1981 1169 2040 puer

102 2068 106 2080 '
139 2068 221 2121 esset
229 2057 267 2133 a).
288 2057 401 2119 Nullus
421 2054 516 2116 debet
536 2053 694 2116 sacerdoti
712 2055 926 2136 respondere,
946 2078 981 2118 se
1001 2079 1072 2122 esse
1092 2080 1169 2124 con·

139 2146 270 2235 tritum,
312 2179 374 2220 nee
410 2158 559 2219 sacerdos
585 2156 763 2239 requirere.
822 2156 963 2240 Magnus
995 2171 1043 2220 est
1074 2182 1168 2224 error

139 2282 269 2336 eorum,
308 2261 369 2345 qui
394 2258 433 2337 ad
467 2267 660 2319 sacramenta
690 2252 882 2320 eucharistie
915 2261 1070 2322 accedunt
1094 2263 1169 2325 huie

137 2361 254 2437 innixi,
278 2359 367 2446 quod
386 2359 449 2422 sint
469 2357 627 2432 confessi,
648 2358 738 2441 quod
750 2378 816 2419 nou
830 2358 893 2419 sint
907 2359 964 2428 sibi
977 2363 1095 2424 eonseii
1114 2363 1168 2424 ali-

139 2463 232 2545 cujus
251 2457 373 2545 peceati
392 2459 547 2534 mortalis,
574 2459 664 2541 quod
683 2458 892 2541 praemiserint
917 2462 1168 2526 orationessunt

140 2576 172 2628 et
192 2560 430 2647 preparatoria:
458 2579 569 2623 omnes
597 2559 640 2621 illi
662 2557 817 2640 judicium
841 2559 902 2622 sibi
920 2563 1108 2624 manducant
1136 2576 1169 2627 et

138 2664 271 2741 bibunt,
301 2663 359 2726 sed
377 2661 404 2726 si
424 2659 555 2724 credant
575 2669 608 2722 et
629 2662 791 2723 confidant
817 2683 852 2726 se
875 2656 1006 2744 gratiam
1026 2664 1070 2727 ihi
1089 2685 1168 2728 eon·

139 2780 326 2843 secuturos,
359 2763 425 2828 baee
455 2764 519 2827 sole
544 2761 624 2824 fides
655 2761 730 2823 lacit
759 2783 816 2824 eos
844 2785 944 2845 puros
972 2775 1004 2825 et
1041 2764 1169 2849 dignos.

141 2868 333 2936 consultum
357 2863 500 2939 videtur,
529 2863 618 2946 quod
645 2861 776 2924 ecelesia
802 2862 835 2926 in
854 2864 1015 2927 communi
1034 2866 1168 2928 consilio

138 2979 309 3043 statueret,
344 2965 441 3028 laicos
469 2964 530 3028 sub
559 2969 694 3044 ultaque
731 2963 839 3043 speeie
869 2963 1169 3040 communicandos3

139 3091 199 3134 nee
229 3066 363 3132 Bohemi
402 3065 669 3128 communicantes
699 3062 759 3128 sub
788 3081 923 3149 utraque
958 3068 1065 3148 specie
1094 3089 1171 3154 sunt

138 3168 294 3246 haeretiei,
315 3167 372 3232 sed
392 3164 586 3232 schismatici.
626 3166 782 3228 Thesauri
803 3165 960 3242 ecclesie,
980 3167 1067 3229 unde
1081 3168 1171 3250 Papa

140 3273 193 3334 dat
216 3268 443 3353 indulgentias,
471 3290 538 3330 non
552 3281 626 3330 sunt
646 3266 757 3329 merita
774 3264 906 3344 Christi,
927 3279 959 3331 et
977 3279 1170 3332 sanctorum.

139 3361 349 3446 indulgentie
379 3370 453 3425 sunt
477 3361 534 3442 piae
561 3357 690 3423 fraudes
718 3359 873 3438 fidelium,
907 3373 939 3426 et
965 3363 1168 3426 remissiones

138 3465 301 3528 bonorum
322 3483 466 3538 onerum,
487 3472 519 3522 et
538 3471 613 3523 sunt
633 3459 674 3522 de
693 3480 827 3524 numero
848 3482 960 3525 eorum
975 3485 1044 3546 quse
1061 3465 1168 3541 lieent,

141 3552 174 3632 et
192 3585 259 3628 non
280 3565 321 3629 de
342 3583 477 3627 numero
498 3580 632 3639 eorum,
653 3584 722 3646 quae
743 3562 916 3642 expediunt
931 3563 976 3640 r),
996 3562 1170 3646 Indulgen-

139 3667 189 3730 tie
215 3667 281 3744 his,
312 3666 368 3751 qui
387 3664 543 3728 veraciter
562 3683 615 3726 eas
634 3673 897 3746 consequuntur,
916 3685 983 3726 non
1003 3666 1108 3728 valent
1131 3667 1171 3730 ad

140 3832 370 3859 -ι-ύὺ-ὺ-

176 3951 207 4021 s)
224 3952 281 4007 llle
305 3953 426 4008 tandem
449 3951 683 4024 irreparabiliter
704 3957 748 4006 est
767 3951 878 4024 lapsus.
916 3951 1069 4026 Quantum
1090 3949 1169 4009 enirn

210 4039 329 4093 decedit
356 4039 444 4091 lucro
473 4037 619 4110 Episcopi
648 4037 796 4105 Romani,
834 4037 858 4090 si
891 4036 954 4091 hoc
976 4053 1086 4092 reruni
1114 4051 1168 4094 est.

212 4123 314 4179 Porro
336 4120 504 4194 principem
532 4123 750 4189 Sseerdotum,
777 4123 928 4177 secularis
946 4123 1034 4179 etiarn
1054 4124 1170 4194 imperii

211 4209 457 4276 moderatorem,
485 4207 515 4261 in
534 4207 673 4262 ordinem
694 4207 830 4276 redigere
851 4208 918 4278 quis
937 4208 1045 4262 rudet?
1064 4208 1172 4264 Cruci.

213 4287 332 4362 ligaturi

176 4386 206 4457 t)
229 4385 298 4451 Vae‚
324 4383 374 4455 qui
404 4380 533 4437 destruis
561 4376 645 4438 Servi
682 4385 845 4438 Servorum
880 4391 1067 4452 mercatum,
1098 4383 1171 4440 illud

212 4470 359 4540 singulare
376 4465 525 4525 uberrimi
537 4468 613 4524 lueri
635 4470 826 4545 feruentuml
843 4466 932 4524 Ferte
952 4469 1001 4524 citi
1019 4469 1169 4535 llarnmas!
