2588 5048
136 722 208 813 na
350 715 412 783 a
475 710 633 828 'spongia
656 691 798 804 stam

34 947 37 952 ·
135 910 208 996 cst,
229 933 300 985 etam
314 921 347 984 in
367 917 574 984 concionibus
595 940 631 983 ac
647 911 898 1002 praelectionibus
916 943 985 986 esse
1003 909 1157 984 mansue·

134 1021 297 1085 tissimum.
336 1024 477 1085 Gavisus·
491 1033 600 1085 sumet
622 1023 756 1098 laudavi,
776 1025 904 1099 addens,
923 1045 990 1086 cam
1003 1042 1160 1084 matrsue«

134 1123 274 1185 tudinem
296 1125 430 1185 maxime
451 1123 655 1203 praestandam
674 1122 706 1184 in
724 1123 866 1205 scriptis,
893 1144 961 1206 qaia
981 1134 1050 1183 toto
1070 1123 1163 1183 orbo-
1189 1203 1191 1207 Ι

27 1268 31 1277 1
133 1224 282 1301 volitent,
311 1245 382 1286 cum
405 1245 471 1285 vox
492 1225 531 1285 ad
554 1246 671 1304 paucos
691 1225 862 1304 perveniat.
901 1223 1036 1286 Polliciti
1064 1232 1153 1297 sunt,

134 1343 168 1386 se
196 1325 324 1386 daturos
360 1345 502 1405 operam,
533 1335 568 1386 ut
591 1323 623 1386 id
649 1327 747 1386 lieret.
800 1326 867 1386 Nec
896 1324 1054 1385 Hutterms
1081 1323 1154 1402 ipsc

105 1424 112 1436 ’
133 1436 228 1505 negat
247 1426 278 1485 in
298 1427 439 1488 Lutliero
465 1425 701 1486 desiderandam
718 1425 901 1488 modestiam
920 1445 955 1485 ac
974 1424 1153 1495 lenitatem

134 1525 189 1600 sed
209 1523 286 1606 quid
311 1528 389 1601 hoc,
410 1526 525 1608 inquit,
548 1527 586 1588 ad
600 1527 747 1588 causam?
769 1527 851 1588 lstuc
870 1547 887 1586 a
903 1527 1028 1586 nemine
1043 1522 1152 1586 minus

134 1625 342 1687 ‘conveniebat
370 1626 476 1708 queri,
501 1649 594 1709 quam
616 1629 654 1688 ab
673 1630 830 1702 tauriano,
856 1626 910 1710 qui
936 1648 1006 1687 cum
1027 1623 1152 1706 ubique

134 1727 313 1800 contendat,
329 1722 462 1799 Luthcri
483 1748 608 1788 cansam
624 1749 693 1788 esse
713 1729 834 1804 justam,
852 1739 986 1789 sanctam
999 1745 1034 1786 ac
1054 1725 1152 1805 piam,

132 1827 266 1889 maxime
289 1815 423 1888 debebat
445 1827 537 1890 irasci
562 1828 659 1903 vitio,
686 1831 772 1911 qnod
793 1828 998 1909 plurimorum
1026 1826 1151 1888 animos

133 1928 255 1989 alienat.
303 1928 336 1990 Si
371 1930 530 1990 Lutherus
564 1930 602 1989 ab
636 1928 724 1989 initio
753 1930 885 1989 candide
920 1938 1151 2009 mansuetoque

133 2029 310 2104 docuisset,
325 2029 494 2090 *abstinens
513 2028 552 2089 ab
571 2027 634 2101 his,
656 2051 724 2112 quse
741 2029 838 2108 pn'ma
856 2028 960 2109 specie
984 2027 1061 2089 lcrri
1081 2046 1151 2088 non

131 2139 296 2210 poterant,
320 2129 395 2190 nihil
415 2129 527 2191 luisset
546 2131 703 2191 tumultus.
742 2130 775 2191 si
794 2128 868 2189 mihi
885 2141 997 2210 terque
1020 2139 1150 2210 quater·

133 2249 197 2310 qne
225 2228 322 2290 frater
349 2240 434 2290 esset
466 2231 642 2304 Lutherus,
674 2230 700 2290 si
731 2229 905 2290 doctrinam
936 2228 1016 2289 illius
1048 2218 1152 2291 totam

31 2325 33 2328 ’
131 2327 314 2408 probarem,
353 2347 422 2388 non
458 2349 583 2408 possem
619 2349 684 2390 non
729 2331 929 2391 vehementer
967 2328 1150 2406 improbare

130 2439 245 2490 tantam
290 2427 324 2489 in
372 2430 580 2492 asseverando
636 2429 856 2508 pervicaciam,
901 2440 962 2490 tam
1002 2428 1149 2492 acerbant

132 2530 259 2613 ubique
290 2541 427 2612 paratam
447 2530 714 2592 maledicentiam.
780 2531 847 2591 Nec
882 2530 981 2590 adhuc
1015 2548 1150 2608 possum

130 2631 234 2693 animo
250 2653 327 2695 mco*
343 2633 533 2714 persuadere
548 2630 664 2693 Christi
678 2629 838 2711 spiritum,
859 2650 923 2713 quo
944 2627 1018 2689 nihil
1041 2626 1148 2688 mitius

19 2783 25 2792 .
130 2734 302 2796 inhabitare
327 2738 436 2812 pectus
458 2732 549 2807 illud,
586 2733 670 2793 unde
700 2742 783 2791 tanta
813 2741 910 2792 scatet
934 2727 1148 2790 amarulentis.

131 2834 239 2917 Atque
259 2834 377 2896 utinam
406 2834 456 2895 hic
480 2855 530 2895 me
548 2833 630 2894 sallat
650 2853 716 2894 mea
742 2830 890 2910 suspicio.
936 2833 978 2892 At
1003 2828 1148 2889 habetet

130 2933 257 3012 spiritus
270 2931 479 3014 Evangelicus
494 2955 584 2995 suum
603 2935 811 3006 stomachum,
829 2931 942 3005 aridio,
963 2929 1019 2989 sed
1041 2927 1145 3003 alium,

129 3053 189 3094 nec
230 3052 362 3116 usquam
388 3035 475 3097 abest
506 3037 566 3096 mel
589 3033 664 3095 illud
693 3033 845 3107 caritatis,
875 3032 963 3114 quod
994 3030 1147 3109 objurga·

130 3131 230 3192 tionis
271 3135 361 3195 aloen
400 3134 536 3195 condiat.
603 3133 710 3195 Audio
758 3133 889 3194 Petrum
930 3130 1147 3210 indignantem

7 3242 10 3248 '
39 3311 40 3314 Ἴ
130 3243 272 3299 Simoni:
321 3235 454 3313 pecnnia
485 3245 538 3293 tua
567 3233 606 3294 sit
638 3247 741 3296 tecum
769 3233 801 3293 in
834 3231 1053 3312 perditionem.
1094 3232 1147 3293 An

130 3335 288 3398 existimas
322 3335 441 3395 donum
460 3333 521 3395 Dei
549 3334 651 3414 parari
679 3332 835 3416 pecunia?
866 3335 937 3392 Hoc
965 3329 1147 3392 convicium

131 3437 169 3498 ab
196 3437 423 3516 Apostolorum
454 3433 593 3495 omnium
625 3435 786 3497 mitissimo
813 3433 945 3495 extorsit
973 3429 1019 3492 rei
1041 3429 1146 3511 indig-

130 3538 219 3600 nitas.
259 3535 416 3598 Sedaudi
434 3555 518 3595 nunc
533 3534 782 3599 condimentum:
805 3529 1013 3611 poenitentiam
1036 3529 1144 3613 itaque

130 3658 205 3720 age,
229 3648 263 3698 ct
294 3657 372 3718 roga
392 3636 511 3708 Deum,
536 3635 562 3695 si
587 3636 671 3696 lorte
691 3634 865 3695 remittatur
893 3631 949 3691 tibi
969 3632 1033 3691 haec
1056 3629 1147 3709 cogi·

128 3737 206 3799 tatio
234 3735 350 3798 cordis.
387 3739 430 3799 At
458 3737 616 3797 Lutherus
645 3736 676 3795 in
700 3731 947 3815 argumentando
973 3751 1086 3810 parcus
1112 3740 1145 3792 et

37 3880 39 3884 »
131 3840 289 3912 astrictus,
329 3837 361 3897 in
404 3836 554 3903 conviciis
593 3847 625 3896 ct
659 3833 835 3896 scommatis
872 3851 976 3911 neque
1017 3829 1145 3892 modum

31 4000 36 4006 .
128 3939 233 4013 novit,
263 3929 366 4020 neqnc
388 3939 498 4009 linem3
531 3936 574 3998 ibi
603 3953 817 4012 saepenumero
839 3933 941 3992 sannis
971 3941 1001 3991 ct
1025 3931 1141 3993 salibus

129 4039 250 4102 ludens.
296 4036 359 4100 Ubi
389 4038 578 4098 rcs‘nullam
602 4037 721 4117 praebet
746 4033 960 4105 occasionem,
999 4031 1142 4092 velutin

128 4139 245 4214 libello,
260 4157 354 4220 quem
371 4136 494 4216 scripsit
513 4137 663 4199 adversus
683 4138 804 4217 Regem
821 4133 952 4213 Angliae,
966 4132 1042 4213 quid
1063 4130 1143 4193 invi·

129 4240 229 4314 tabat,
249 4249 284 4299 ut
298 4239 434 4300 diceret:
457 4237 631 4312 „Veniatis‚
649 4235 774 4298 domine
792 4247 947 4314 Henrice,
969 4253 1031 4315 ego
1041 4231 1143 4293 ¹doce·

127 4333 175 4404 bo'
191 4337 273 4400 vos?
303 4335 415 4411 „Ccrte
433 4336 532 4418 Regis
546 4337 668 4400 libellus
683 4335 775 4400 latine
798 4338 1005 4418 loquebatur,
1022 4354 1081 4395 nec
1095 4333 1143 4395 in·
