2618 5108
136 807 186 880 Μ
365 802 409 877 lu
432 803 638 876 Luthcrum
660 799 765 875 Bulla
786 803 936 879 Leonis.

139 993 338 1061 eclesiastica
357 993 580 1076 disciplinas),
609 993 824 1059 obedientiam
841 994 978 1073 scilieet,
999 1015 1069 1078 qua
1088 995 1163 1060 icus

139 1106 188 1162 est
211 1105 245 1158 et
270 1094 364 1179 origo
384 1094 525 1158 omnium
543 1094 696 1160 virtutum
714 1098 760 1175 o),
784 1096 854 1161 sine
874 1120 937 1182 qua
954 1097 1047 1160 iaoiie
1066 1119 1165 1161 unus·

139 1197 279 1282 quisque
297 1197 434 1261 infidelis
454 1218 523 1260 esse
543 1197 742 1262 convincitur
765 1200 809 1275 e),
838 1219 933 1262 nemo
952 1220 1033 1260 sana
1052 1196 1165 1260 mentis

138 1298 266 1383 ignorat
282 1308 323 1375 d).
342 1300 410 1362 Nos
430 1297 527 1381 igitur
545 1298 578 1362 in
597 1299 779 1381 premissis,
799 1309 911 1382 utpote
925 1298 1116 1380 gravissimis
1125 1299 1163 1375 e),

139 1399 349 1483 propensius,
381 1410 417 1461 ut
437 1400 545 1475 decet,
566 1401 743 1481 procedere
755 1402 794 1477 s),
814 1421 874 1464 uec
898 1421 963 1462 nou
983 1398 1167 1480 hujusmodi

137 1502 220 1584 pesti
238 1501 419 1586 morboque
437 1522 631 1578 canceroso,
661 1522 703 1564 ue
719 1501 752 1564 in
772 1518 850 1585 agro
870 1499 1031 1581 dominico
1050 1500 1078 1574 a)
1098 1512 1167 1562 tau-

138 1622 234 1688 quam
261 1600 369 1685 vepris
395 1603 510 1667 nociva
525 1604 556 1680 h)
581 1604 714 1668 ulterius
738 1614 843 1686 serpat
860 1603 898 1679 t),
927 1601 1011 1664 viam
1035 1602 1167 1683 praeiu-

174 1837 203 1905 s>
222 1837 322 1910 Quam
350 1839 473 1895 osthoo
497 1839 649 1896 imbecille
670 1856 803 1914 corpus,
833 1841 1000 1914 quodquod
1019 1839 1091 1894 iilud
1111 1848 1166 1908 est,
1215 1856 1219 1869 ··

208 1925 290 1994 quod
308 1924 418 1979 tatibus
436 1926 537 1980 nervis
555 1927 679 1996 regitur.

171 2029 203 2100 i)
219 2032 319 2103 Magis
338 2043 460 2106 oportet
476 2034 601 2090 obedire
614 2036 684 2091 Deo
708 2053 798 2109 quam
815 2033 1000 2099 hominibus,
1019 2032 1166 2087 Decime!

205 2117 263 2176 Tu⁴
276 2128 373 2176 autem
394 2121 483 2188 (cum
496 2120 650 2191 Apostoiis
672 2122 799 2176 dicimus
816 2121 884 2187 tibi)
902 2119 926 2173 si
940 2119 1055 2188 justum
1075 2117 1167 2170 estin

162 2255 165 2258 ,
208 2213 375 2276 conspectu
399 2205 456 2260 Dei
487 2214 516 2261 to
534 2207 634 2277 potius
659 2206 780 2273 audire,
807 2221 896 2276 quam
922 2202 1040 2270 Deum,
1063 2201 1168 2271 judica

207 2304 280 2356 nos,
311 2306 378 2360 que
406 2290 542 2345 Christus
568 2292 690 2362 docuit,
717 2308 780 2346 non
807 2305 969 2364 possumus
988 2305 1050 2342 nou
1073 2296 1103 2342 ct
1121 2289 1166 2341 io.

208 2373 329 2443 quendo
347 2377 432 2446 sequi
451 2384 481 2430 et
499 2374 652 2434 faciendo.

173 2481 201 2548 c)
220 2481 328 2538 Potius
346 2483 481 2538 infideles
499 2483 661 2540 arbitrarer
679 2501 743 2539 esse
761 2501 837 2551 nos,
860 2483 884 2537 si
908 2481 962 2538 tibi
980 2494 1167 2554 pareremus,

207 2567 375 2639 prasertim
402 2570 478 2624 maia
504 2570 623 2640 quando
642 2569 789 2640 imperas:
823 2578 855 2625 ut
883 2568 954 2625 totis
977 2569 1041 2638 jam
1070 2564 1169 2620 tribus

207 2651 312 2720 anuis,
328 2669 366 2708 ne
387 2653 497 2709 veritas
517 2655 648 2710 colatur:
676 2663 836 2722 autumo,
866 2655 889 2708 si
910 2664 940 2710 te
957 2667 1168 2725 sequeremur,

206 2736 410 2808 pessimorum
447 2739 599 2793 socierum
634 2740 805 2804 licentiam,
854 2732 1014 2810 pec'uniam
1051 2745 1167 2808 pactus,

206 2822 326 2894 quando
348 2823 478 2892 irrogas3
505 2823 758 2894 quemadmodum
778 2824 807 2879 in
825 2826 883 2880 tuis
903 2825 1008 2892 bullis,
1039 2836 1167 2893 quarum

207 2907 294 2980 plena
314 2916 359 2962 est
376 2906 558 2977 Germania,
576 2909 679 2964 videre
698 2910 779 2964 lieet.

173 3014 205 3085 t)
225 3016 363 3071 vocares
379 3033 457 3072 unae
470 3020 578 3074 mentis
596 3020 647 3092 qui
665 3019 709 3075 sie
726 3019 863 3086 iaceret?

176 3122 206 3194 s)
227 3123 299 3179 Tibi
329 3125 451 3196 quidem
470 3136 540 3183 sunt
552 3168 561 3197 ‚
600 3144 770 3201 quanquam
803 3125 959 3182 oleribus
984 3123 1049 3180 fieri
1076 3124 1167 3199 paulo

211 3218 278 3264 ante
296 3209 420 3265 dixeris.

177 3317 204 3388 t)
221 3319 262 3375 Ut
279 3329 329 3375 tua
350 3321 410 3376 tert
426 3320 557 3377 avaritia.
579 3324 638 3377 Aut
655 3339 742 3391 vcro,
759 3330 793 3377 ut
809 3318 1016 3384 deneratam,
1035 3319 1087 3374 sed
1105 3336 1168 3376 nou

206 3403 390 3460 Pontificem
419 3405 540 3476 quidem
575 3416 625 3461 aut
659 3407 866 3478 Episcopum,
899 3407 952 3460 sed
973 3404 1108 3474 Regem,
1139 3412 1169 3461 ct

206 3489 364 3558 Leonem,
389 3491 439 3562 qui
457 3490 591 3563 superbo
612 3493 704 3546 oculo
733 3501 763 3546 et
788 3489 943 3547 insatiabili
963 3489 1057 3545 corde
1076 3489 1169 3545 iacias

206 3575 285 3633 heo.

174 3683 203 3750 a)
222 3685 255 3738 iu
278 3701 339 3756 quo
357 3692 392 3739 ut
408 3684 545 3756 priores,
564 3687 689 3753 grassari
707 3696 739 3742 tu
758 3702 881 3758 quoque
893 3685 1086 3741 institueras..
1109 3679 1168 3737 Sed

208 3785 224 3822 a
242 3768 332 3823 nobis
349 3769 523 3840 prohiberis
546 3770 628 3840 quod
645 3788 725 3825 nunc
738 3771 842 3825 fremis
860 3772 960 3826 enam.
997 3772 1123 3824 Atvero
1135 3775 1168 3822 ut

208 3870 274 3908 rem
293 3854 405 3924 ipsam,
434 3864 466 3909 ut
491 3864 552 3922 est,
576 3865 711 3924 tangam,
735 3871 796 3912 nou
813 3855 942 3923 vereris,
966 3852 1167 3921 sanctissime,

207 3947 293 3996 tuum
311 3938 465 3992 sordidum
484 3950 653 3995 mercatum
681 3959 794 3997 vocare
814 3958 931 4016 uqa-um
951 3939 1168 3995 dominicum?

206 4024 317 4094 Neque
339 4023 402 4078 hoo
420 4024 523 4092 vides,
541 4026 650 4080 oculos
670 4028 806 4099 recipcre
825 4026 1037 4091 Germaniam,
1057 4033 1087 4078 et
1105 4040 1168 4079 ma.

179 4109 251 4179 ⁸pis
268 4123 480 4177 cognoscere,
512 4125 602 4181 quarn
631 4120 682 4181 tu,
712 4129 770 4184 qua
789 4104 894 4166 fraude
923 4110 1034 4166 faciem
1063 4108 1189 4164 induas.

153 4218 156 4222 ·
208 4195 334 4250 avaritie
354 4195 433 4248 tue?

173 4288 206 4355 ta)
223 4287 387 4359 Nunquam
417 4286 528 4341 rectius
546 4289 727 4359 comparasti
744 4287 829 4358 hasc;
860 4303 930 4343 nam
949 4287 979 4342 in
995 4286 1054 4342 hac
1071 4303 1165 4359 vepre

206 4373 294 4429 nimis
313 4372 454 4444 impedite
470 4373 532 4440 jam
553 4383 583 4428 et
603 4374 689 4429 anxie
708 4375 806 4430 hares
824 4385 867 4430 tu.

171 4459 199 4528 i)
216 4460 342 4532 Serpet,
362 4458 417 4513 nisi
442 4466 474 4511 tu
495 4458 672 4517 constiteris.
713 4460 853 4517 Predico
870 4454 935 4516 tibi.
