2618 5108
403 798 450 871 ad
475 797 670 896 Spongiam
694 797 848 872 Erosmi
1065 804 1135 874 63⁵

113 989 335 1065 Antichristus,
357 1000 388 1051 ct
408 988 533 1069 justitio
547 989 608 1053 Dei
629 1007 694 1051 non
713 1000 760 1054 est
775 989 952 1081 strinientur,
976 990 1033 1073 qui
1048 1011 1136 1055 susm

118 1092 244 1166 statuit,
266 1101 297 1152 et
318 1084 436 1153 Christi
456 1091 635 1172 passionem
652 1091 861 1153 frustraneaui
881 1088 982 1152 lacit?
1014 1093 1135 1155 Sedet

112 1206 180 1255 nott
198 1192 292 1254 et-iant
304 1191 470 1273 insigniter
485 1192 662 1254 hallucinati
681 1213 786 1253 strutus
805 1190 837 1252 in
855 1191 982 1253 noudne
1003 1212 1136 1273 operum

116 1291 293 1365 bonorum,
325 1293 400 1353 dum
429 1312 466 1353 ea
498 1293 681 1354 vocavimus
709 1293 794 1354 bonu
830 1310 945 1370 opera,
977 1310 1046 1374 quae
1075 1310 1135 1357 nos

113 1392 261 1472 tingimus
281 1402 313 1451 et
333 1390 544 1467 somniamus,
572 1393 647 1453 tisim
669 1392 816 1467 lominus,
850 1412 919 1473 quae
939 1392 1032 1453 nobis
1052 1392 1136 1456 reeta

112 1490 282 1564 vitientur,
302 1501 334 1565 ct
355 1510 453 1570 opera
482 1490 575 1551 nobis
606 1503 776 1554 monstrata
809 1491 975 1554 aChristo
994 1492 1135 1573 rregttgsa

111 1607 199 1663 mars,
221 1590 341 1664 idest,
361 1611 420 1669 pro
436 1589 653 1653 misericordia
672 1604 703 1652 et
722 1590 842 1672 judicio
862 1593 1025 1655 statuimus
1040 1612 1135 1656 cunm

112 1689 198 1750 uicss
227 1700 259 1751 et
287 1689 451 1770 parpisticas
480 1693 590 1764 horas,
617 1713 742 1754 rassiras
761 1704 793 1754 et
822 1704 944 1767 vestes,
977 1695 1135 1755 delectu·

110 1789 274 1862 dirorum,
302 1791 479 1853 simulatum
508 1802 540 1852 ct
570 1795 737 1870 pinianum
757 1793 952 1869 coelibatum,
978 1814 1050 1875 quau
1068 1812 1135 1855 uon

110 1894 212 1950 solinu
241 1909 307 1950 non
334 1889 474 1952 adiinuut
504 1903 649 1971 peccata,
680 1893 855 1955 sed-etiam
885 1892 1063 1974 Evangelio
1090 1914 1134 1957 ex

53 2063 60 2078 .
111 1992 265 2052 ‹Meretri›
288 1991 487 2071 seprrgnant?
519 1993 597 2072 Quis
626 1993 710 2054 dabit
731 1992 884 2072 capitibus
904 1993 1021 2055 uostris
1040 1994 1134 2057 etiarn

111 2112 242 2172 atluunr,
277 2102 309 2151 et
329 2092 435 2166 oculis,
454 2094 570 2156 nostris
603 2094 724 2155 latitem
759 2095 980 2171 lacrymarum,
1012 2105 1047 2155 ut
1065 2095 1134 2176 ploi-

110 2211 217 2253 remus
246 2191 298 2253 die
328 2211 364 2252 ac
391 2203 485 2254 nocte
525 2193 710 2255 interlectos
742 2193 853 2273 populi
879 2192 1007 2256 nostri?
1054 2192 1134 2275 Quis

110 2291 261 2371 prebebit
280 2291 373 2354 nubis
393 2292 544 2355 auxilium
563 2295 714 2356 adversus
736 2294 806 2356 illos
824 2295 1017 2356 latrunculos
1036 2292 1133 2372 syris

111 2405 144 2454 ct
164 2393 266 2455 Moab
286 2405 317 2453 ct
338 2395 473 2456 liliorum
492 2399 644 2471 Ammon,
666 2393 723 2477 qui
741 2394 913 2474 clericaedati
928 2404 1001 2457 suist
1015 2374 1132 2461 atibus

111 2505 308 2568 sanctoruni,
337 2505 369 2557 et
388 2495 573 2559 occiderunt
592 2493 761 2557 mendaciis
782 2493 864 2567 suis;
894 2494 951 2576 qui
969 2494 1081 2557 sedent
1098 2492 1133 2561 ie

112 2594 236 2656 insidiis
256 2615 328 2657 cum
357 2595 524 2670 divitibus,
557 2596 591 2658 iu
610 2594 739 2656 occultis
767 2593 988 2656 coesrobiorum
1004 2605 1037 2655 et
1055 2603 1132 2661 ten-

19 2692 22 2697 ’
113 2698 260 2776 plorum,
294 2707 329 2758 ut
362 2696 550 2759 interficiant
586 2697 791 2769 innocentes3
828 2692 884 2776 qui
922 2692 1131 2770 insidiantur,

110 2794 202 2876 quasi
225 2796 276 2857 leo
304 2795 337 2857 in
362 2799 513 2876 spelunca
542 2818 615 2871 sisa,
641 2795 668 2856 si
687 2816 769 2878 quos
791 2802 911 2876 queant
926 2791 1047 2875 laqueis
1066 2790 1131 2859 suis

110 2892 267 2975 injicere?
298 2899 478 2980 Quousque
507 2896 684 2959 videbimus
718 2898 797 2957 mala
818 2895 920 2977 gentis
954 2906 1071 2956 nostra
1099 2904 1132 2957 et

110 2997 316 3058 sauctorum?
342 3001 475 3081 Exurge
495 2996 647 3072 Dominae,
670 2997 775 3059 Deus!
795 3006 828 3059 et
846 2998 1002 3060 exaltetur
1020 3015 1131 3064 manus

111 3105 183 3158 tua:
203 3108 334 3158 contere
356 3095 520 3179 bruchium
538 3109 740 3177 peccatorum
758 3107 791 3159 et
808 3096 1056 3178 malignantium!

191 3199 391 3259 Erasmus
424 3199 510 3260 Dum
527 3196 726 3279 delitigamus
736 3243 746 3276 ,
766 3219 805 3260 au
825 3201 892 3262 solu
910 3199 991 3262 fides
1009 3197 1130 3282 absque

111 3294 264 3377 operibus
283 3295 427 3359 coulerat
445 3299 585 3359 salutem.

186 3396 294 3458 Otto.
332 3396 374 3457 Et
392 3396 470 3480 quid
490 3398 612 3460 tandein
631 3399 715 3462 aliud
734 3399 885 3462 babemus
904 3399 1003 3481 magis
1022 3418 1129 3469 sacro-

108 3507 269 3572 sanctum,
289 3517 385 3579 quem
403 3498 492 3560 lide?
515 3500 606 3564 't'otte
625 3501 739 3574 fidem,
767 3500 845 3583 quid
864 3499 949 3562 aliud
968 3511 1017 3563 est
1036 3497 1132 3570 Chris

110 3596 304 3673 admissurus,
326 3618 420 3680 quam
440 3597 605 3662 vanissima
623 3601 829 3679 superstitio?

110 3744 113 3749 -
183 3703 382 3764 Erasmus.
421 3701 573 3781 Quaedam
592 3712 695 3763 autem
714 3699 785 3779 ejus
811 3700 936 3780 generis
958 3711 1049 3777 stant,
1078 3711 1125 3779 ut,

106 3801 134 3863 si
154 3802 291 3863 maxime
309 3822 386 3885 nera
405 3813 529 3879 esseut,
549 3792 616 3864 non
634 3802 824 3882 expediebat
836 3801 983 3881 ingerere
996 3801 1125 3869 auribus

104 3899 226 3980 popun.
363 3968 367 3974 ,

110 4040 114 4048 ,
176 4000 292 4062 ¹(itta.
330 4002 423 4065 Unde
440 4005 523 4081 liae,
544 4024 585 4066 ex
600 4014 684 4067 tanta
703 4023 805 4083 nuper
820 4002 1003 4083 prudentia,
1020 4005 1125 4071 subita

105 4100 261 4184 imperitia
287 4099 366 4163 tibi?
396 4104 490 4170 Unde
507 4106 648 4169 ruditus?
676 4104 764 4186 Quid
792 4113 897 4184 tarsen
926 4102 990 4167 diei
1017 4118 1124 4185 potest

105 4221 245 4284 utiquam
263 4201 363 4283 magis
381 4199 529 4285 impium,
560 4205 772 4285 irreligiosum
798 4215 830 4266 et
848 4204 1027 4269 l'civolurn'l
1046 4208 1122 4271 Nou

106 4301 297 4383 expediebat
313 4301 446 4371 dicere?
471 4305 539 4368 Cur
559 4328 624 4368 sion
644 4304 855 4387 expediebat?
885 4305 1010 4385 Quibus
1040 4326 1120 4388 ergo

104 4401 219 4486 scripta
238 4404 334 4466 sunt?
360 4405 413 4468 Au
433 4409 564 4470 eruditis
583 4418 617 4470 et
642 4405 861 4470 sacerdotibus
880 4405 1025 4471 tarnum?
1056 4399 1120 4473 Set
