2618 5108
378 800 435 874 ιι
458 796 654 900 spongiam
676 797 835 907 emme
963 823 966 826 >
1050 800 1121 879 su

109 1013 166 1057 ora
186 980 302 1057 habere
327 988 622 1074 impiosho'mincs}
652 1000 721 1055 non·
748 991 819 1058 essa
838 989 1070 1076 'disputandum
1088 998 1122 1054 et

111 1094 339 1157 conferendum
366 1091 551 1168 nobiscum,
582 1092 639 1154 sed
672 1102 789 1154 tantum
827 1105 865 1155 ut
890 1097 1058 1177 perdamur
1090 1103 1123 1155 et
1246 1150 1248 1155 .

110 1195 343 1275 extinguamur-
356 1193 397 1256 de
416 1203 501 1256 terra
516 1193 707 1268 viventium,
717 1192 819 1273 ,cujus
838 1194 1021 1275 Theologin
1038 1190 1124 1271 apud

108 1317 168 1358 uos
191 1297 284 1357 etiam
305 1293 436 1355 ‘lictores
456 1291 518 1354 sint
538 1291 728 1374 peritissimi.
778 1294 876 1373 Quod
903 1294 930 1357 si
945 1315 1020 1375 ,spes
1040 1301 1127 1354 esset

108 1394 181 1456 inde
202 1394 347 1456 meliores
376 1391 462 1468 lieri,
476 1396 551 1470 ,hoc
581 1412 765 1474 persuasum
783 1395 864 1458 habe
883 1395 956 1471 tibi,
990 1412 1060 1457 esse
1079 1411 1124 1455 ex·

108 1497 201 1558 nobis
220 1496 278 1579 qui
295 1497 367 1557 illuc
384 1495 477 1558 irent.

183 1585 401 1659 Erasmus.¹
423 1597 499 1658 Haer.
517 1594 544 1658 si
563 1594 691 1660 haberet
710 1597 887 1672 lluttenus,
910 1615 987 1679 quas
1007 1590 1124 1676 glorias

108 1697 253 1761 efflaret?

185 1799 294 1861 Otto.
334 1796 368 1858 Si
397 1794 541 1877 spiritum
569 1793 727 1859 habuisset
753 1795 876 1860 Erasini
905 1788 1126 1874 arrogantissiu

111 1917 196 1961 mum
210 1943 219 1973 ,
238 1900 289 1959 vel
305 1907 368 1959 tam
383 1895 496 1959 luisset
509 1895 751 1975 superciliosus,
771 1907 921 1980 quantum
935 1893 1030 1957 animi
1050 1911 1127 1954 con·

111 1997 218 2059 mantis
239 2009 272 2058 et
297 1998 430 2079 integri,
460 1997 517 2059 vix
545 1996 657 2059 luisset
681 1997 726 2059 illi
751 1997 917 2080 quisquam
943 1994 1127 2078 gloriosior,

113 2121 191 2179 quas
233 2098 349 2179 glorias
390 2118 455 2158 non
481 2099 635 2173 efflasset,
666 2098 770 2161 Deum
800 2097 1023 2160 immortaleml
1047 2096 1128 2157 Nasu

114 2198 240 2260 abunde
258 2199 353 2261 multa
372 2197 626 2280 suppeditabant,
659 2197 700 2260 dc
729 2197 844 2282 quibus
861 2207 986 2281 poterat
1012 2195 1127 2259 merito

112 2297 242 2380 gloriari
261 2308 294 2359 et
311 2297 487 2378 superbire.
525 2296 558 2362 Si
577 2298 728 2362 voluisset
744 2299 848 2363 literas
866 2308 900 2362 et
917 2297 1130 2360 eruditionem
1183 2299 1186 2303 ’

112 2400 193 2462 illam
211 2383 357 2461 eximiam
376 2399 508 2478 jactare,
529 2386 600 2488 scis,
622 2411 774 2483 quantum
790 2401 831 2464 de
846 2399 905 2462 illis
918 2399 1050 2462 meritus
1066 2407 1129 2473 est,-

63 2581 64 2585 ,
113 2511 145 2562 et
165 2509 315 2583 quantum
334 2497 517 2562 tribuisti
489 2520 519 2560 er
541 2498 599 2561 tu?
630 2499 657 2561 si
676 2513 820 2576 stemma,
839 2520 912 2563 cum
930 2499 1037 2582 primis
1056 2496 1127 2577 ejus

114 2599 237 2664 ordinis
255 2600 448 2662 existimatus
467 2596 545 2673 luit3
568 2620 595 2662 ιι
585 2598 755 2663 savorem
770 2599 969 2682 Principum,
990 2598 1131 2660 celebra·

113 2702 252 2765 tissimus
270 2700 393 2763 luisset.
424 2701 504 2763 Nam
525 2700 709 2790 ¹spondebat
733 2722 835 2784 nuper
861 2701 1030 2763 Galliarum
1054 2699 1130 2762 Rex

115 2801 361 2886 quadringentas
374 2822 525 2878 coronas,
545 2813 581 2864 ut
592 2799 772 2881 Principem
792 2812 977 2886 agnosceret
995 2820 1048 2878 se,
1068 2817 1133 2861 nee

114 2904 283 2987 quicquam
307 2904 447 2966 muneris
475 2902 620 2978 haberet,
650 2922 744 2986 quam
770 2914 806 2966 ut
828 2899 1004 2965 aconsiliis
1022 2907 1129 2974 staret,

113 3015 355 3087 monereturque
374 3005 558 3087 ubicunque
577 3004 672 3066 vellet
689 3006 849 3079 locorum,
881 3014 1033 3065 ettamen
1054 2998 1130 3062 nihil

116 3105 225 3168 cristas
245 3105 319 3168 inda
340 3104 482 3187 erigens,
511 3106 672 3167 fortunam
692 3102 826 3166 oblatam
845 3123 1003 3186 generoso
1024 3100 1129 3165 auimo

115 3206 321 3285 contempsit:
342 3225 413 3266 cum
433 3203 545 3267 fuisset
557 3204 675 3289 alioqui
687 3204 804 3287 optima
815 3204 940 3268 occasio
953 3204 993 3265 ad
1006 3204 1130 3285 Regem
1151 3221 1153 3227 ’

118 3304 306 3381 deficiendi,
323 3303 400 3367 etin
416 3325 532 3367 summa
552 3304 614 3385 jam
629 3306 739 3368 luisset
751 3325 881 3368 suorum
897 3303 1130 3387 persecutione,

115 3415 151 3466 ut
176 3404 290 3467 merito
318 3414 351 3466 et
378 3405 455 3466 citro
484 3404 665 3469 calumniam
690 3407 844 3488 potuisset
873 3428 891 3468 ι
913 3401 1078 3467 Germanis
1095 3400 1131 3461 in

114 3506 207 3570 aliam
223 3516 349 3588 gentem
365 3508 514 3569 delicere.
544 3509 715 3571 Possemus
731 3509 847 3570 dehoc
860 3506 963 3568 literas
979 3501 1130 3564 exhibere

114 3605 183 3670 tibi.
222 3606 387 3672 Pendebat
414 3628 520 3670 annuo
550 3608 703 3671 ducentos
728 3609 870 3670 florenos
895 3595 1131 3685 Imperatorios

118 3706 202 3772 Cum
221 3720 305 3772 esset
323 3709 383 3774 sub
401 3709 569 3772 tribunitio
590 3707 755 3815 Siccingii‚
780 3728 851 3769 cunr
871 3706 978 3785 primis
999 3705 1131 3766 Germa·

115 3808 174 3868 nisa
192 3823 440 3890 reputasses,
469 3812 525 3893 qui
547 3810 704 3891 geminam
729 3808 842 3890 stipem
860 3788 1079 3869 merebantur:
1098 3812 1131 3863 et

115 3909 177 3970 hoc
198 3909 388 3991 stipendium
401 3916 494 3976 ultro
514 3910 701 3993 resignant,
731 3930 797 3972 non
816 3908 892 3971 alia
889 3928 1009 3982 causa,
1037 3924 1132 3988 quem

117 4009 206 4091 quod
237 4013 316 4073 utale
343 4025 410 4076 turn
449 4014 616 4078 videbatur
647 4010 804 4075 Cesaram
831 4007 1007 4090 Evangelio
1038 4006 1132 4069 vella.

117 4110 261 4175 Conatus
281 4124 328 4191 est
349 4113 505 4177 hominem
526 4117 622 4178 adse·
639 4112 764 4176 allicere
780 4109 960 4198 'cardinalis
979 4106 1131 4170 Salisburs

119 4214 226 4294 gensis
245 4213 389 4277 maximis
408 4215 558 4296 premiis,
578 4213 613 4278 e't
630 4217 693 4277 hoc
709 4198 896 4277 famulitium
913 4207 1051 4289 respuit..
1079 4206 1133 4269 Du

117 4314 286 4378 Cardinale
298 4315 492 4399 llloguntino
503 4316 619 4380 ¹notius
635 4325 701 4388 eat,
723 4323 870 4398 quam-ut
886 4310 1005 4396 eliquid
1020 4307 1132 4383 dicen·

114 4417 229 4496 Neque
251 4416 472 4481 defuissent-et
491 4417 542 4481 alii
555 4414 739 4499 Principes,
757 4414 786 4479 si
804 4413 997 4479 collibuisset
1009 4409 1133 4487 unvanus
