2618 5108
180 1433 341 1508 Erasmo
374 1428 628 1505 Roterodamo
663 1426 832 1500 Uirichus
862 1424 1047 1498 Huttenus

560 1567 593 1642 S.
619 1569 668 1642 D.

96 1971 198 2067 Male
228 2004 305 2068 mihi
331 2001 442 2078 cedat,
481 1998 639 2085 quidquid
659 2001 719 2065 hoe
740 2012 807 2078 est,
842 2001 933 2084 qnod
951 2010 1037 2062 tanto
1057 2019 1131 2069 cunt

96 2105 240 2186 periculo
257 2105 386 2187 incepi,
407 2107 470 2167 hoe
491 2101 661 2180 temporis,
691 2102 823 2166 nisime
843 2102 1011 2166 sollicitum
1031 2103 1130 2186 magis

97 2206 266 2269 hebetius
293 2210 396 2280 satus,
428 2223 522 2286 quam
550 2223 620 2264 mea
646 2202 792 2281 fortuna,
827 2207 960 2267 Erasme
987 2203 1130 2286 optime!

95 2308 213 2389 itaque
233 2327 321 2380 curn,
344 2325 410 2388 quo
422 2314 544 2385 spectet
563 2323 634 2380 res,
654 2307 748 2388 plane
762 2305 890 2381 videas,
914 2305 1028 2380 miror,
1050 2303 1130 2390 quid
1175 2351 1179 2359 .

95 2408 184 2483 rbiff)
204 2428 300 2490 agas,
320 2405 376 2471 nbi
396 2416 427 2468 et
446 2426 560 2489 magna
580 2415 643 2480 est,
672 2417 708 2468 ut
727 2427 861 2488 usquam
881 2405 975 2482 alibi,
1006 2416 1130 2471 nostre-

94 2533 164 2574 rum
204 2508 342 2591 partium
376 2508 512 2569 infensio
542 2521 574 2569 et
601 2505 727 2570 Decimi
756 2508 907 2577 mandata,
945 2517 1129 2591 grassantur

95 2632 197 2686 nunc,
219 2622 255 2671 ut
274 2608 370 2670 audio
381 2654 391 2683 ,
420 2612 578 2672 atrociter.
627 2606 715 2688 Quin
735 2608 828 2670 etiarn
847 2606 969 2670 exustis
991 2608 1128 2673 Lutheri

93 2713 202 2785 tibris,
222 2732 336 2775 secure
366 2722 397 2770 te
426 2711 597 2774 consistere
627 2708 805 2784 existimas;
836 2709 926 2792 quasi
953 2729 1019 2770 non
1046 2708 1128 2772 illius

93 2812 254 2876 demiratio
275 2824 335 2873 tnae
355 2832 457 2881 earne
477 2811 517 2873 sit
543 2807 786 2893 prejudicium?
813 2820 867 2871 aut
895 2802 952 2870 tibi
977 2829 1128 2890 passuros

91 2915 268 2999 putandum
289 2914 347 2990 sit,
373 2913 433 2996 qni
449 2911 628 2974 Lutherum
647 2909 901 2974 damnaverunt?
927 2909 1027 2993 iuge,
1049 2911 1126 2975 heus

93 3029 148 3092 tu,
164 3016 260 3098 iuge,
280 3034 317 3076 ac
336 3023 368 3074 te
387 3011 480 3075 nobis
498 3014 607 3081 serva!
648 3010 731 3074 Mihi
748 3010 881 3093 periculi
900 3011 975 3074 satis
994 3013 1127 3075 multum

93 3118 224 3202 quidem
238 3125 303 3190 est,
323 3113 418 3183 etiarn
441 3112 617 3187 infinitum,
638 3112 695 3175 sed
715 3113 910 3176 tantumdem
928 3112 1022 3176 animi
1044 3113 1128 3194 peri·

93 3219 173 3283 cutis
189 3214 344 3290 indurati,
373 3225 405 3276 et
424 3213 567 3289 fortuna,
595 3235 664 3298 quae
684 3215 780 3290 serat,
801 3228 855 3279 tua
874 3215 934 3279 alia
953 3238 1049 3280 «eausa
1068 3228 1126 3281 est.

94 3321 206 3403 Fuge,
237 3315 358 3399 optime
377 3317 524 3391 Erasrne,
555 3315 634 3397 fuge
665 3317 740 3379 dum
760 3318 850 3391 licet,
882 3339 922 3380 ne
944 3316 1052 3400 siquid
1071 3318 1127 3392 sd-

94 3422 179 3484 versi
199 3419 302 3502 (quod
319 3415 500 3493 abominor)
523 3417 628 3488 cadat,
649 3417 714 3497 jam
733 3429 799 3478 tum
816 3439 881 3478 non
894 3417 933 3478 sit
946 3419 1008 3480 hoe
1021 3416 1127 3499 ipsum

16 3582 17 3586 ,
93 3525 273 3607 integrum,
295 3529 327 3581 et
345 3539 476 3581 necesse
495 3518 543 3580 sit*
555 3518 661 3580 dicere
682 3519 761 3593 hoc,
783 3517 872 3599 quod
890 3516 1016 3596 sapiens
1029 3537 1124 3612 nerno

93 3618 193 3691 dixit,
222 3641 289 3681 non
309 3632 462 3700 putaram.
510 3620 580 3682 Jam
599 3622 699 3699 palem
726 3623 859 3681 clamant
885 3619 954 3693 isti,
984 3618 1127 3685 omniurn

94 3721 207 3784 trorum
228 3731 370 3809 autorem
390 3740 461 3783 esse
482 3731 528 3795 te,
550 3732 647 3802 ntquc
667 3721 788 3782 abhoc
808 3721 899 3783 sonte
920 3719 1124 3801 profluxisse,

97 3812 255 3904 quidquid
276 3831 342 3898 est,
373 3822 464 3905 quod
482 3823 562 3883 male
590 3843 676 3883 nnnc
702 3823 796 3887 habet
815 3823 963 3886 Leonem
984 3835 1014 3885 te
1034 3823 1126 3897 prei-

95 3922 179 3985 visse
198 3922 310 3998 nobis,
340 3932 371 3984 te
391 3921 563 4001 erudiisse,
594 3934 625 3986 te
645 3923 781 4003 primunr
800 3923 946 3987 incitasse
972 3923 1124 3987 iibertrtis
1221 3999 1226 4008 ¹

92 4024 200 4088 studio
222 4024 382 4087 hominurn
402 4034 541 4100 mentes,
562 4034 593 4089 te
612 4044 683 4087 esse
704 4024 789 4086 iltnrn
809 4046 908 4104 aquo
929 4025 1123 4107 pendeamus

95 4123 168 4186 nlii.¹
194 4125 292 4206 Qnod
320 4125 377 4186 etsi
404 4121 583 4205 hujusmodi
609 4145 675 4185 non
694 4137 761 4199 est,
794 4125 869 4206 qnia
896 4137 1001 4211 temen
1027 4128 1122 4203 nosti,

95 4245 236 4310 quocum
262 4243 382 4308 genere
409 4225 572 4288 hominum
598 4246 651 4289 res
677 4226 770 4290 nobis
790 4239 855 4302 est,
889 4230 1005 4292 nullam
1025 4228 1123 4293 debes

93 4373 322 4390 μ

125 4468 155 4534 ·)
191 4471 227 4518 Ζα
247 4472 328 4519 ttrinz
336 4504 345 4533 ,
375 4473 433 4521 oder
450 4472 523 4522 Ktln.

138 4592 206 4639 nnn.
219 4591 264 4650 0!-
280 4593 308 4639 Τ.
320 4591 362 4640 IV.
