2618 5108
315 104 786 302 ,μήτιν’-ί.
829 269 847 279 ⁹

485 376 490 387 h

1073 824 1142 902 ill

110 1005 255 1087 cipibus,
290 1007 349 1072 sed
367 1009 532 1088 Apostolis
557 1020 589 1072 et
607 1013 798 1091 pastoribus.
836 1015 938 1098 quue
958 1017 1076 1078 nonin
1095 1016 1144 1079 di·

109 1107 205 1171 vitias
238 1119 271 1171 et
299 1110 492 1190 potentiam,
523 1113 581 1175 sed
609 1112 643 1175 in
672 1115 802 1192 gratiam
831 1118 941 1180 aDeo
961 1117 1080 1193 datam,
1108 1118 1143 1180 in

111 1209 314 1292 Evangelicae
333 1211 474 1274 veritatis
500 1213 774 1294 praedicationem,
803 1228 835 1278 et
854 1217 987 1281 fratrum
1005 1217 1145 1279 ministe-

109 1314 204 1375 rium.
245 1311 343 1374 Certe
364 1312 500 1376 enimin
520 1334 621 1376 onere
640 1329 688 1378 est
706 1319 770 1380 haec
791 1321 964 1393 successio,
999 1339 1065 1380 non
1085 1319 1144 1381 ho·

109 1435 217 1486 nore,
243 1412 276 1474 in
297 1434 397 1500 opere
426 1427 457 1476 et
476 1416 604 1492 labore,
633 1438 700 1480 non
723 1429 879 1498 potestate
909 1431 941 1482 et
968 1419 1144 1499 tyrannide.

109 1516 192 1577 Nam
211 1526 351 1594 potestas
368 1513 623 1580 Christianorum
638 1540 704 1581 non
721 1522 831 1582 Romae
844 1531 981 1597 tantum,
1001 1521 1059 1583 sed
1072 1519 1142 1583 ubi-

110 1636 177 1700 que
197 1616 434 1698 Episcoporum
456 1619 552 1681 debet
571 1639 641 1682 esse
661 1620 762 1682 virtus
782 1622 982 1702 Apostolica;
1003 1643 1066 1705 qua
1086 1621 1143 1705 qui

108 1718 262 1798 praeditus
283 1727 348 1793 est,
380 1720 405 1779 is
424 1739 592 1782 successor
611 1722 716 1797 Petri,
744 1721 838 1784 etiam
869 1723 896 1785 si
924 1725 1057 1785 Romam
1076 1741 1145 1808 non

110 1822 243 1896 viderit,
264 1820 327 1883 dici
347 1831 462 1901 potest.
500 1823 609 1903 Atque
628 1822 678 1886 ille
699 1823 843 1906 quisquis
862 1823 941 1900 erit,
960 1844 1026 1885 non
1039 1822 1145 1886 saeculi

109 1942 212 2003 regna
245 1920 477 1998 moderabitur,
508 1923 566 1984 sed
585 1924 789 2005 Apostolatus
816 1944 915 2006 opera
939 1923 1145 2005 dispensabit.

108 2025 191 2086 Nam
213 2045 283 2105 quae
304 2022 462 2085 dementia
482 2034 639 2098 osteum,
667 2027 722 2109 qui
743 2026 846 2108 (quod
865 2024 1004 2105 pessimo
1024 2024 1143 2108 cuique

110 2136 144 2189 et
164 2124 419 2188 ambitiosissimo
447 2128 587 2206 proclive
607 2138 673 2201 est,
706 2136 737 2188 et
759 2126 800 2187 ob
819 2126 853 2188 id
878 2146 897 2185 a
917 2122 1035 2186 Christi
1054 2121 1144 2186 insti-

108 2237 180 2287 tuto
200 2247 323 2289 summe
342 2225 491 2303 alienum)
510 2250 609 2309 regua
621 2226 763 2302 invadat,
787 2238 819 2290 et
832 2225 970 2288 ditiones
984 2223 1143 2304 subjiciat,

108 2327 275 2406 Apostolis
302 2327 406 2389 datam
430 2326 556 2391 interim
589 2328 721 2410 gratiam
750 2329 789 2389 ad
815 2349 849 2390 se
875 2328 1019 2401 trahere,
1054 2335 1087 2388 et
1111 2324 1144 2387 in

107 2428 192 2490 fastu
221 2448 258 2487 ac
284 2449 443 2510 purpura,
473 2430 505 2491 in
533 2429 650 2492 divitiis
677 2450 714 2490 ac
732 2431 830 2505 luxu,
865 2429 947 2490 inter
967 2426 1089 2511 gladios
1109 2445 1147 2487 ec

108 2528 282 2609 bipennes,
312 2529 395 2591 inter
414 2530 542 2612 sagittas
563 2547 596 2592 et
617 2530 822 2605 bombardas,
844 2529 876 2590 in
894 2529 977 2591 bello
996 2540 1027 2591 et
1047 2529 1145 2606 caede,

108 2629 202 2692 furiis
223 2642 255 2691 et
275 2629 382 2707 rabie,
412 2631 502 2693 Petri
522 2651 756 2707 successorem,
788 2642 820 2690 et
842 2628 961 2693 Christi
980 2629 1153 2692 Vicarium‘

108 2730 219 2793 haberi
238 2733 342 2808 velle,
364 2751 436 2793 cum
456 2730 582 2794 interim
601 2731 679 2793 nihil
700 2730 816 2794 Christi
838 2743 927 2809 agat,
949 2729 1025 2792 nihil
1044 2730 1145 2805 Petri,

111 2852 154 2893 ne
172 2832 293 2914 cogitet
320 2831 475 2915 quidem?
504 2831 675 2916 intelligis,
709 2832 768 2895 alia'
793 2831 917 2894 ratione
947 2829 979 2892 in
1005 2830 1146 2894 heredes

109 2915 286 3006 ambulare,
318 2943 350 2995 et
378 2922 469 3016 quasi
503 2953 561 3016 per
592 2953 703 2996 manus
733 2932 815 2996 tradi
842 2933 946 2995 datam
974 2953 994 2994 a
1012 2929 1144 2996 Christo

106 3031 326 3122 potestatem?

533 3168 733 3231 Monitor.

188 3266 276 3349 Quid
307 3269 448 3348 postulas
476 3267 653 3352 intelligere
679 3290 747 3343 me,
780 3266 836 3350 qui
854 3262 974 3329 videris
994 3262 1145 3352 ignorare

108 3368 197 3449 ipse,
227 3366 318 3429 aliam
347 3367 448 3431 fuisse
481 3369 673 3451 primitivam
705 3366 787 3430 illam
813 3367 994 3442 ecclesiam,
1027 3364 1061 3425 in
1080 3383 1146 3447 qun

107 3488 170 3549 pro
190 3479 285 3548 captu
306 3467 402 3530 aetatis
421 3469 553 3532 fuerunt
573 3473 649 3547 ista,
678 3469 768 3552 aliam
798 3471 878 3531 hanc
902 3465 1146 3544 triumphantem

10 3594 21 3610 ··
108 3566 215 3644 nunc,
251 3567 286 3631 in
311 3589 376 3652 qua
404 3569 568 3653 splendida
597 3571 717 3648 omnia,
755 3581 788 3633 et
819 3566 928 3652 gloriae
954 3566 1048 3650 plena
1074 3581 1146 3628 esse

110 3667 272 3734 convenit.

519 3805 739 3871 Lutherus.

181 3903 255 3967 Ilua
285 3902 347 3972 tuit
366 3926 510 3985 semper,
541 3906 667 3991 eritque
695 3907 827 3986 posthac
852 3897 973 3966 Christi
1003 3895 1148 3961 ecclesia.

108 4001 215 4066 Porro
234 4002 384 4085 injuriam
405 4009 486 4086 pati,
501 4026 504 4031 ’
520 4008 650 4071 vincere
671 4019 720 4072 est
738 4005 921 4088 Apostolis,
952 4012 1048 4062 utne
1068 3996 1149 4081 quid

108 4103 303 4187 triumphare
322 4105 363 4169 sit
385 4105 527 4186 ignores.
559 4110 669 4174 Gloria
683 4128 763 4171 vero
784 4105 1022 4187 Episcoporum
1044 4107 1148 4163 estut

106 4205 160 4269 illa
173 4206 285 4284 Pauli,
305 4207 466 4271 neminem
478 4211 607 4288 laedere,
626 4211 786 4274 neminem
800 4225 1027 4285 corrumpere,
1048 4197 1149 4263 nemi·

106 4327 183 4371 uem
201 4307 455 4386 circumvenire,
476 4323 508 4373 et
526 4334 654 4378 rursum
675 4312 765 4396 quod
784 4310 842 4374 ait:
863 4310 932 4372 Nos
952 4315 1057 4370 autern
1076 4300 1147 4382 glo-

106 4409 183 4473 riari
202 4420 335 4504 oportet
352 4403 502 4476 ineruce
520 4413 662 4479 Domini.
