2618 5108
211 844 259 917 1ιὸ
287 879 316 920 ῃ
447 839 602 913 Hutteni
626 840 673 912 ad
696 840 865 914 Leonem
891 841 996 940 epist.

211 1035 373 1112 transibit,
407 1057 449 1100 ne
476 1038 583 1102 veniat
602 1056 698 1119 super
724 1048 772 1112 te,
808 1048 840 1103 et
856 1039 1122 1121 pseudecclesiam
1148 1038 1240 1099 istam

212 1150 318 1214 tuam,
363 1154 521 1221 totamque
559 1143 656 1201 ssurel
691 1141 856 1201 conculcet
888 1142 1097 1221 pessimorum
1130 1142 1241 1201 llonue

210 1239 375 1301 hominum
407 1242 584 1303 colluviem.
640 1239 727 1320 Quid
757 1241 840 1301 euim
868 1242 975 1302 Romae
1005 1243 1099 1305 habes
1127 1255 1241 1321 praetor

213 1338 372 1401 inlinitum
402 1340 489 1403 illum
522 1339 716 1403 musicorum
750 1352 894 1415 tuorum,
942 1352 974 1403 et
1007 1343 1240 1404 adsentatorum

212 1461 360 1524 gregem,
391 1441 451 1504 nisi
481 1463 586 1504 meros
616 1442 723 1517 sures,
754 1462 860 1503 meros
880 1442 1085 1521 impostores,
1113 1442 1240 1504 frauda-

212 1556 318 1616 tores,
346 1546 530 1626 praedones,
566 1563 620 1604 aut
647 1544 735 1605 aliter
755 1546 854 1605 malos
875 1542 1036 1615 homiues;
1075 1544 1130 1625 qui
1151 1543 1241 1626 quasi

211 1665 352 1726 aucupes
368 1654 493 1726 ponunt
510 1646 659 1725 laqueos,
681 1655 714 1706 et
733 1644 860 1727 pedicas
878 1645 917 1704 arl
933 1645 1120 1723 capiendum
1135 1645 1241 1726 quoti-

211 1746 266 1809 ‹lie
285 1745 360 1808 hinc
380 1745 526 1829 aliquid?
550 1746 681 1807 Parcius
708 1759 860 1827 praetcrea
889 1749 1005 1807 lacesse
1024 1746 1165 1807 veritatis
1186 1747 1241 1808 arl-

211 1857 369 1920 sertores,
405 1866 447 1907 ne
466 1847 580 1908 malum
600 1848 684 1908 ultro
702 1845 760 1909 tibi
780 1847 946 1908 concilies!
983 1849 1052 1909 lam
1074 1847 1133 1907 hoc
1155 1847 1239 1908 enim

211 1950 345 2010 clamant
372 1935 446 2008 cuni
470 1948 631 2028 *propheta
660 1949 775 2028 passim
801 1948 908 2009 multi:
948 1946 1031 2025 Quia
1059 1947 1179 2010 corruit
1207 1947 1241 2008 in

209 2048 321 2130 plateis
341 2048 474 2124 veritas,
501 2063 534 2111 et
553 2048 680 2131 capritas
707 2070 773 2111 nou
800 2048 905 2130 potuit
928 2047 1074 2129 ingreali3
1102 2060 1133 2108 ct
1158 2048 1240 2109 lacta

211 2161 260 2212 est
279 2148 395 2212 ueritas
416 2150 448 2212 in
469 2149 680 2224 oblivionem,
701 2158 735 2211 et
753 2149 809 2230 «pri
830 2148 960 2211 recessit
979 2152 1105 2223 amalo,
1128 2151 1239 2230 praedae

211 2250 323 2334 patuit.
364 2253 471 2330 Quare
492 2271 594 2312 meum
609 2260 657 2312 est
676 2250 860 2323 consilium,
880 2271 921 2310 uc
938 2271 1078 2333 unquam
1100 2251 1132 2312 in
1152 2271 1240 2313 rucu-

211 2365 274 2415 tem
302 2352 409 2413 veniat
440 2351 513 2428 tibi,
542 2351 674 2414 ulterius
703 2351 854 2432 persequi
885 2350 1079 2427 humerum,
1109 2374 1180 2413 cum
1200 2352 1239 2413 iis

211 2474 293 2529 una,
326 2473 409 2536 quos
429 2453 480 2515 ille
500 2451 682 2514 commovit.
728 2450 841 2513 Plures
861 2461 935 2513 sunt
954 2450 1059 2527 enim,
1089 2474 1183 2535 quam
1204 2464 1240 2514 ut

210 2556 263 2617 vel
283 2553 358 2624 tibi,
394 2557 445 2616 rel
471 2554 526 2616 ulli
545 2554 708 2635 Episcopo
736 2552 828 2613 liceat
856 2564 976 2613 tantum
1001 2553 1189 2625 animarum,
1211 2552 1240 2614 si

210 2655 338 2738 possitis
358 2654 470 2730 etiam,
489 2656 635 2736 perdere.
674 2652 775 2716 Vides
791 2652 853 2733 jam
868 2665 940 2715 ante
956 2653 1153 2715 mussitatum
1168 2673 1238 2713 esse

210 2759 326 2840 passim
350 2767 456 2819 contra
487 2761 534 2829 te,
567 2756 656 2838 quod
681 2766 745 2818 tam
772 2756 884 2817 leviter
911 2767 943 2817 et
969 2756 1053 2816 nulla
1082 2755 1122 2815 (le
1144 2771 1256 2814 causa·

210 2857 297 2922 istud
314 2869 404 2919 tuum
422 2857 543 2919 fulmen
562 2855 724 2933 jaculeris:
746 2857 835 2939 quod
855 2877 921 2917 uon
938 2854 1136 2927 consideras,
1160 2855 1185 2914 si
1206 2853 1240 2915 in

210 2968 428 3038 contemptum
441 2956 611 3041 aliquando
626 2956 764 3032 venerit,
785 2968 937 3039 quantum
946 2955 1128 3018 offendiculi
1142 2957 1239 3033 vulgo

204 3060 386 3142 pariturum
405 3059 456 3121 sit.
508 3058 610 3141 Igitur
628 3078 831 3133 mansuesce,
861 3071 893 3118 ct
913 3055 1048 3119 caritatis
1070 3076 1136 3116 uon
1161 3056 1239 3115 fictae

210 3159 310 3235 illius,
332 3163 389 3223 sed
410 3159 592 3223 Christianae
614 3171 647 3220 et
664 3159 793 3224 sincerae
814 3159 951 3221 officium
971 3159 1040 3219 lael
1064 3156 1187 3218 Exhibe
1208 3166 1240 3215 te

208 3259 345 3325 formam
363 3261 456 3325 nobis
477 3263 516 3324 ad
535 3261 736 3323 imitandum:
766 3282 802 3322 ac
822 3260 899 3322 illud
918 3280 1011 3335 cura,
1040 3281 1107 3322 non
1127 3269 1160 3320 ut
1182 3280 1240 3318 cx-

208 3363 325 3445 plearis
344 3374 399 3437 tu,
428 3364 485 3427 sed
503 3374 539 3424 nt
558 3383 617 3425 uos
637 3366 818 3444 pascamur!
854 3363 951 3444 Quod
971 3363 1026 3424 ubi
1046 3359 1239 3433 decreveris,

209 3476 278 3530 tum
295 3465 425 3529 scientia
445 3466 574 3545 posthac
592 3484 687 3544 pasce
707 3485 765 3528 nos
786 3476 819 3525 ct
840 3465 1005 3538 doctrina,
1032 3485 1099 3524 non
1119 3461 1215 3523 Bullis
1230 3461 1250 3521 l

208 3564 273 3650 jam
293 3577 460 3648 pertaesum
487 3555 669 3628 est'harum
689 3566 783 3626 enirn.
833 3565 1047 3645 lnrlulgentias
1068 3584 1147 3624 vero
1168 3573 1239 3624 tuas

209 3661 415 3743 nauseamus5
436 3679 471 3730 ut
490 3686 580 3751 reque
600 3666 694 3729 nihil!
717 3664 891 3729 Pontificiae
912 3666 1000 3726 ‹lotes
1020 3674 1095 3725 sunt
1114 3663 1241 3742 sapien-

209 3769 269 3845 tia,
295 3769 434 3850 puritas,
471 3768 612 3843 castitas,
640 3778 673 3830 et
704 3788 811 3830 rerum
849 3769 989 3827 omnium
1028 3776 1240 3842 contemptus.

143 3851 146 3863 ’
209 3865 276 3934 Has
309 3871 508 3950 amplectere.
560 3869 612 3930 Sic
631 3867 715 3932 enim
735 3869 805 3942 liet,
838 3877 874 3928 ut
892 3870 975 3928 colat
1001 3878 1034 3927 te
1058 3865 1238 3938 Gemrania,

210 3991 311 4057 quum
329 3990 432 4034 amare
452 3970 587 4046 viderit,
608 3990 674 4031 non
693 3981 871 4053 oppugnet,
890 3969 948 4031 'arbi
968 3980 1090 4031 terrere
1111 3987 1240 4046 perseu-

210 4073 297 4139 serit.
345 4073 448 4136 Decet
465 4083 572 4135 aauem
596 4071 819 4134 benevolentia
840 4071 968 4132 vincere
993 4083 1026 4130 te
1045 4091 1175 4143 omues,
1206 4071 1240 4131 vi

174 4197 177 4204 ·
210 4194 326 4258 cogere
345 4175 515 4236 neminem.
554 4174 631 4235 Haec
650 4173 772 4235 libere:
792 4173 850 4234 sed
869 4192 964 4246 vere,
984 4184 1020 4233 ut
1034 4183 1066 4232 et
1087 4193 1137 4233 res
1155 4182 1238 4245 sunt,

211 4287 244 4338 ot
262 4287 407 4358 tempora
426 4275 545 4338 ferunt.
582 4275 683 4351 Vale,
704 4295 748 4336 ex
773 4273 952 4336 Germania.
992 4273 1041 4334 M.
1052 4271 1094 4334 Β.
1106 4275 1183 4335 XX.

434 4393 669 4463 Dirumpamus
686 4392 813 4447 vincula
831 4410 938 4447 eorum
948 4434 957 4461 ,
979 4398 1007 4445 et

618 4480 833 4550 projiciamus

495 4581 517 4620 a
544 4560 636 4620 nolis
652 4566 775 4639 jugum
803 4563 956 4634 ipsorum.

659 4657 828 4679 annun—-
