2618 5108
149 786 229 879 696-
464 786 644 889 Arminius
668 785 854 889 Dialogus.

219 1055 296 1120 rurs
313 1055 445 1136 mesto
464 1059 522 1122 me
541 981 763 1134 iiiiii&
782 1056 914 1123 Minos?
929 1068 964 1122 ,e
983 1056 1033 1122 vo
1050 1058 1158 1134 sonus

147 1153 233 1222 tuit?

578 1256 721 1321 Minos.
925 1335 935 1345 .

220 1359 371 1426 Profecto
388 1358 467 1421 tuit:
487 1358 544 1420 sed
563 1368 597 1421 tu
610 1357 720 1421 melius
731 1356 824 1437 nosti,
839 1358 999 1433 Mercuri,
1022 1360 1159 1443 queliter

145 1459 279 1537 vixerit,
300 1463 397 1523 coluit
418 1471 448 1521 te
468 1459 551 1523 enim
570 1459 779 1539 peculiariter.

528 1575 773 1640 Mercurius.

223 1675 335 1739 Sancte
354 1698 448 1747 vero,
490 1677 569 1738 Nam
588 1674 737 1738 candidus
758 1676 789 1736 in
810 1674 916 1755 primis
935 1675 1011 1750 tuit,
1037 1671 1070 1736 ct
1090 1696 1158 1759 quo

144 1788 238 1840 nemo
259 1777 412 1840 sincerius
431 1776 590 1857 scripserit
608 1775 783 1849 historiam,
806 1774 974 1858 minusque
993 1777 1168 1855 affectibus,

145 1877 302 1940 tribuerit.
350 1877 453 1940 Etiam
479 1887 581 1939 sutem
602 1876 801 1938 Germaniam
829 1874 966 1951 viderat,
999 1887 1030 1936 et
1049 1878 1155 1958 gentis

141 1977 211 2058 ejus
231 1999 335 2041 mores
355 1976 537 2060 descripsit,
568 1997 604 2038 ac
621 1998 727 2039 rerum
753 1976 798 2039 ibi
826 1987 983 2056 gestarum
1000 1976 1063 2038 fuit
1082 1999 1159 2059 per·

146 2098 241 2161 quam
259 2076 431 2142 studiosus.

338 2255 341 2262 .
544 2177 756 2244 Arminius.

223 2265 325 2359 igitur
343 2278 410 2340 telis
429 2277 488 2340 iste
508 2297 579 2339 cum
598 2279 709 2353 luerit,
739 2288 771 2339 et
789 2298 896 2341 rerum
914 2297 1052 2340 mearum
1071 2275 1160 2352 haud

139 2376 284 2456 ignarus,
310 2377 356 2439 sic
376 2378 415 2439 de
434 2397 484 2438 me
504 2375 656 2459 scriptum
674 2377 856 2460 reliquerit,
875 2388 912 2438 ut
930 2389 1046 2437 taceam
1066 2376 1160 2438 dein·

145 2498 219 2559 ceps
240 2498 321 2557 ego,
350 2477 487 2540 dubitari
504 2498 570 2538 non
596 2488 714 2559 potest,
746 2475 822 2560 qbin
849 2476 974 2541 maximi
1000 2496 1161 2537 essemo·

139 2577 235 2640 menti
256 2577 326 2656 jure
346 2574 476 2656 debeat,
507 2578 568 2640 hoc
598 2578 635 2639 ab
655 2579 746 2639 hoste
768 2576 954 2658 perhibitum
973 2575 1046 2637 milti
1067 2579 1160 2639 testi·

139 2679 290 2742 monium.
327 2677 488 2759 Principio
517 2678 720 2741 liberatorem
739 2677 912 2739 Germaniae
931 2687 1038 2750 vocat,
1065 2665 1160 2760 quod

139 2790 187 2843 est
213 2777 331 2862 aliquid
365 2779 460 2841 credo
497 2778 648 2859 eripuisse
674 2777 709 2840 vi
746 2797 782 2838 uc
827 2778 918 2840 armis
958 2776 1161 2865 provinciam

142 2878 312 2955 Romanis,
339 2893 375 2941 ut
395 2889 470 2941 tunc
487 2879 632 2955 fuerunt,
662 2892 694 2941 et
712 2879 821 2942 iisdem
841 2878 948 2941 invitis
968 2901 1158 2964 summoque

139 2998 249 3041 contro
283 2980 354 3041 nisu
386 2978 589 3056 conantibus,
614 2979 789 3043 vindicasse
808 2980 840 3041 in
859 2979 1049 3054 libertatem,
1070 3001 1155 3062 quos

56 3132 58 3135 ,
141 3078 264 3140 servire
284 3077 326 3140 illi
347 3080 562 3142 decreverant.
598 3079 733 3156 Deinde,
755 3081 843 3163 quod
859 3092 945 3143 recte
961 3081 1084 3142 maximi
1103 3081 1152 3156 fir,

96 3245 97 3248 Ἴ
141 3177 219 3239 illud
238 3199 287 3238 me
307 3179 490 3259 imperium,
511 3200 576 3242 non
595 3198 666 3243 cum
685 3183 879 3245 adolesceret
897 3193 981 3257 tum,
1003 3192 1033 3241 et
1052 3181 1157 3243 incre·

137 3290 277 3359 mentum
295 3278 467 3359 acciperet,
492 3279 573 3344 sicut
591 3281 641 3344 alii
661 3285 766 3364 Reges
786 3283 974 3364 Ducesque,
994 3295 1155 3365 Pyrrhus,

140 3396 281 3457 autumo,
300 3392 488 3461 Antiochus,
507 3395 538 3446 et
553 3382 610 3444 iste
622 3385 787 3460 Hannibal,
805 3384 862 3446 scd
877 3404 948 3445 cum
964 3387 1158 3451 consistebat

139 3481 218 3562 jam,
238 3492 269 3544 et
279 3480 411 3545 maxime
423 3483 557 3546 florebat
568 3528 576 3559 ,
589 3505 654 3546 non
669 3485 785 3547 bellum
800 3484 940 3547 inferens
956 3486 1157 3567 sustinuisse,

139 3604 252 3647 verum
283 3584 365 3646 ultro
392 3584 573 3647 lacessendo
601 3587 692 3648 armis
723 3584 901 3667 inpetiisse,
927 3605 1091 3669 unumque
1113 3612 1157 3652 esr

141 3671 302 3759 omnibus,
330 3684 447 3749 invicte
475 3685 590 3748 bellum
619 3695 729 3749 contra
757 3689 918 3748 Romanos
952 3687 1157 3770 transegisse,

140 3784 225 3847 dicit.
263 3788 368 3867 Quare
395 3784 489 3847 ctiam
508 3785 722 3867 dignissimum
742 3786 924 3862 arbitratur,
951 3808 1046 3870 quem
1067 3789 1159 3853 Gree-

138 3905 247 3976 corum
266 3886 382 3966 pariter
402 3896 434 3950 et
456 3885 643 3949 Latinorum
664 3888 799 3951 Annales
834 3888 1005 3951 celebrent.
1054 3893 1156 3972 Quod

139 3986 167 4059 si
193 3986 335 4048 omnium·
363 3970 542 4063 consensu,
572 3989 654 4049 nulls
681 3987 742 4050 tuit
768 4010 906 4071 unquam
936 3991 1038 4070 major
1057 4013 1157 4075 quam

140 4086 357 4149 Romanorum
391 4098 544 4167 potestas,
575 4089 692 4149 nullum
720 4089 849 4168 amplius
887 4112 905 4153 a
932 4091 1058 4154 comlito
1084 4116 1156 4156 awo

138 4184 313 4271 imperium,
332 4201 364 4250 et
381 4189 439 4251 hos
459 4209 520 4271 ego
542 4188 616 4275 vici,
636 4208 707 4251 cum
722 4187 754 4249 in
774 4191 854 4252 flore
874 4203 986 4268 essent,
1007 4213 1044 4253 ac
1062 4194 1156 4277 vige·

139 4299 211 4351 rent
228 4287 412 4371 plurimum,
441 4288 612 4353 rectissime
632 4309 786 4352 summum
805 4289 1047 4370 imperatorem,
1067 4306 1101 4355 et
1122 4295 1156 4359 in

139 4407 175 4448 re
195 4386 306 4462 bellica
325 4389 469 4454 omuibus
488 4400 680 4471 praestantem
699 4411 765 4465 me,
781 4387 989 4470 judicandum
1004 4394 1155 4474 arbitror,
