2618 5108
493 818 597 895 Bulla
637 817 825 918 Dialogus.

585 1010 717 1073 suti.

217 1111 346 1198 ¹Aliquis
370 1132 449 1198 nero
476 1131 510 1174 ss
536 1121 570 1174 tn
582 1124 595 1188 ,‘
616 1109 668 1172 eui
687 1031 843 1175 iactomm
861 1112 996 1175 reddere
1013 1112 1167 1179 rationem

143 1234 268 1298 equum
290 1225 338 1311 est
356 1211 482 1276 bottas?
583 1206 588 1219 '
655 1207 658 1216 ⁴

541 1329 736 1394 Huttenu
749 1353 775 1392 s.

219 1431 270 1494 Ne
292 1439 476 1511 contemne,
505 1427 562 1491 tibi
584 1429 675 1506 (lieo,
703 1454 777 1514 quse
795 1417 855 1493 nisi
870 1416 971 1512 *mittis
993 1431 1169 1494 libertatem

142 1529 243 1608 mihi,
286 1529 402 1592 senties
434 1530 570 1613 aliquem
599 1551 669 1593 esse
700 1552 759 1594 ms.
798 1532 906 1615 Atque
923 1531 1020 1592 'adeo
1051 1531 1169 1593 dietum

139 1632 196 1697 tibi
215 1642 311 1713 puta,
339 1629 413 1692 huie
432 1651 473 1693 ne
492 1630 671 1697 admoveris
693 1631 827 1715 digitum
849 1634 996 1716 posthac,
1027 1630 1088 1693 nisi
1111 1653 1168 1694 ex·

141 1732 241 1815 periri
260 1731 327 1809 vis,
357 1730 461 1816 qualis
493 1754 573 1797 sum.

378 1913 387 1943 ο
593 1851 722 1912 Bulla.

215 1949 331 2014 Adhuc
363 1963 553 2026 contemno,
586 1950 649 2015 nisi
678 1949 811 2027 videro,
840 1951 932 2013 talem
960 1970 1030 2014 esse
1057 1950 1106 2017 ¹⁰2
1133 1952 1168 2005 1¹¹

139 2049 172 2113 in
191 2051 292 2116 bullas
313 2050 481 2132 imperium
500 2051 624 2114 babeas.

547 2169 765 2232 Huttenus.

218 2267 331 2345 Mitte,
363 2267 508 2352 inquam,
538 2269 712 2334 libertatem
743 2267 839 2343 mibi,
867 2264 895 2330 si
921 2265 1022 2330 amico
1041 2266 1089 2331 uti
1109 2288 1166 2331 vo·

139 2364 259 2429 iueris!

548 2485 760 2549 Libertas.

221 2583 273 2645 Tn
292 2605 344 2649 me
363 2585 515 2668 adjuvare
535 2585 663 2651 audes?

538 2688 766 2749 Huttenus.

213 2785 380 2872 Siquidem
398 2785 517 2869 possim
542 2787 706 2850 audenter.

546 2888 753 2950 Libertas.
788 2885 807 2926 ⁰

213 2988 258 3057 At
278 3008 348 3074 quse
368 2998 480 3052 eontra
497 2989 577 3051 hanc
595 2987 659 3050 vim
681 2986 796 3052 auxilia
815 2990 936 3054 nobis?

539 3091 573 3152 H
582 3100 774 3152 uttenus.

213 3188 246 3252 Si
268 3188 387 3252 auxilio
407 3210 548 3276 anquam
578 3207 658 3267 opus
682 3179 761 3264 erit,
793 3189 938 3270 pileatsm
960 3192 1022 3255 hue
1041 3192 1167 3273 piebem

138 3286 303 3365 sistemus,
326 3302 357 3350 et
377 3290 494 3353 liberos
517 3289 549 3353 in
569 3288 737 3352 Germania
757 3311 885 3366 omnes,
917 3291 1001 3353 hune
1021 3292 1166 3374 inprimis

137 3390 422 3467 Franciseum,
456 3391 510 3475 qui
542 3389 641 3454 aedem
668 3390 879 3467 jamdudum
905 3389 984 3469 tibi,
1016 3405 1049 3454 et
1081 3414 1166 3457 aram

137 3491 273 3556 dedicat.

543 3606 755 3670 Libertas.

211 3707 351 3774 Erexisti
383 3728 453 3783 me,
480 3707 589 3770 invicti
606 3708 712 3771 herois
740 3718 987 3772 commemorato
1022 3709 1163 3774 nomine.

136 3808 253 3872 Aderit
284 3829 363 3872 vero
384 3807 501 3874 nobis?

543 3924 763 3988 Huttenus.

214 4024 301 4104 Quid
323 4023 378 4087 ni?
406 4024 506 4087 aderit
523 4025 626 4106 primo
646 4024 821 4088 invocatus.

549 4126 753 4190 Libertas.

213 4225 306 4288 Salva
330 4245 409 4288 sum.

481 4390 485 4399 .
595 4329 719 4392 Bulla.

111 4413 117 4425 ²
214 4425 278 4489 Per
297 4447 347 4492 me
367 4427 497 4511 quidem
518 4451 567 4506 es,
592 4427 617 4490 si
637 4431 769 4495 ciamare
790 4429 925 4495 desinas.
