2618 5108
187 835 261 912 blo
357 833 433 908 Ulr.
459 833 507 909 ab
531 834 672 911 Hutten
696 860 781 910 cum
804 835 960 910 Erssmo
984 835 1070 909 Rot.

187 1025 353 1108 meipsum
370 1025 528 1090 neminem
538 1026 658 1090 invidia
673 1049 806 1110 gravare
819 1028 961 1090 soleam?
981 1024 1045 1109 Qui
1059 1026 1220 1089 neminem

187 1124 286 1210 igitur
303 1127 414 1191 solitus
441 1147 530 1204 sum,
561 1138 593 1191 te
621 1127 730 1205 volui,
763 1149 830 1211 quo
862 1126 1051 1190 sanctiorem
1083 1125 1221 1189 auricutn

84 1278 86 1285 .
187 1226 313 1303 nescio,
335 1249 373 1290 an
394 1247 588 1311 quemquam
606 1228 796 1291 habuerim?
816 1228 882 1291 Aut
896 1249 974 1311 ego,
997 1228 1024 1290 si
1038 1227 1218 1309 periculum

187 1349 258 1392 esse
278 1328 335 1390 tibi
354 1327 561 1409 cogitassem,
595 1341 704 1410 petere
738 1328 949 1410 colloquium,
981 1330 1032 1390 vel
1052 1327 1145 1391 etiam
1165 1325 1222 1387 ad·

187 1429 312 1493 mittere
331 1428 527 1492 voluissem?
568 1431 641 1491 Non
662 1429 852 1504 voluissem,
872 1428 1018 1508 prolecto
1039 1450 1115 1490 non.
1154 1428 1223 1491 Sed

187 1531 351 1610 voluptate
368 1550 419 1591 rne
438 1530 482 1592 ibi
507 1532 577 1607 illa,
600 1551 695 1613 quarn
714 1551 876 1612 nunquam
890 1552 956 1590 uon
973 1531 1053 1610 coepi
1066 1543 1221 1612 congres-

189 1652 243 1694 sus
264 1631 337 1707 tibi,
360 1631 608 1694 defraudassem.
646 1633 789 1694 atvero
810 1630 880 1712 quis
902 1632 1009 1691 credat
1028 1629 1070 1692 ita
1090 1631 1221 1692 seroces

189 1731 296 1796 subito
315 1732 416 1794 factos
437 1732 580 1794 inimicos
599 1747 718 1806 meos,·
738 1742 773 1791 ut
803 1728 884 1791 levia
911 1732 976 1791 lucc
1006 1730 1157 1812 persequi
1188 1731 1223 1795 in
1253 1744 1258 1750 “

189 1832 326 1896 altimum
348 1830 514 1907 inducant,
548 1854 631 1912 quos
649 1831 682 1893 in
703 1830 904 1913 gravioribus
926 1852 1048 1892 cessare
1070 1833 1221 1895 hactenus

190 1932 279 1996 vidi?
295 1932 501 2015 Quinetiam,
522 1945 567 2008 ut,
585 1934 673 2016 quod
687 1930 808 2006 sentio,
829 1931 949 2005 (licam,
969 1931 1139 1994 verisimile
1156 1954 1223 1995 non

190 2046 256 2106 est,
277 2034 358 2097 inte
377 2033 480 2096 moliri
499 2033 617 2116 aliquid
637 2055 706 2095 mea
726 2052 835 2105 causa,
859 2031 915 2114 qui
934 2033 1038 2112 ipsum
1056 2055 1106 2095 me
1121 2034 1222 2116 negli-

189 2122 270 2221 gunt
288 2134 566 2214 contemptissime.
607 2137 804 2214 Quamquam
824 2143 858 2192 ut
878 2135 959 2194 haud
978 2144 1096 2194 temere
1119 2134 1223 2215 suspi-

190 2249 278 2300 catus
300 2237 342 2297 ita
360 2236 420 2309 sis,
455 2236 533 2317 quid
552 2255 612 2314 pro
633 2234 733 2295 amico
752 2233 875 2293 faceres
902 2245 954 2308 tu,
984 2233 1038 2314 qui
1069 2233 1223 2295 invidiam

192 2335 394 2420 quantumvis
421 2335 523 2395 levem
550 2355 663 2414 capere
689 2334 810 2415 negas?
850 2337 914 2396 Aut
938 2333 1016 2416 quid
1038 2334 1070 2395 in
1095 2345 1127 2395 te
1151 2333 1223 2414 spei

190 2435 266 2501 mihi
284 2434 398 2509 fuerit,
418 2433 444 2496 si
467 2435 595 2515 quando
615 2434 827 2496 invalescente
847 2433 1045 2497 inimicorum
1066 2435 1222 2515 potentia,

97 2544 100 2551 '
200 2557 242 2599 eo
253 2535 382 2597 fortuna
403 2534 584 2609 vocaverit,
619 2544 654 2594 ut
687 2533 795 2597 accisis
825 2535 920 2596 rebus
952 2557 1049 2611 cogar
1079 2534 1225 2597 omnium

192 2657 287 2720 opem
318 2647 413 2718 alque
441 2634 592 2698 auxilium
625 2633 810 2715 implorare,
859 2656 931 2698 cum
957 2635 1089 2717 integris
1118 2637 1224 2698 adhuc

191 2759 399 2821 congressum
428 2758 560 2820 quoque
590 2735 826 2815 subterfugias?
869 2739 932 2799 Vel
970 2737 1120 2799 credibile
1155 2751 1223 2815 est,

191 2838 458 2924 persequentibus
487 2838 640 2911 inimicis,
673 2835 777 2917 aliqua
805 2836 837 2898 in
869 2858 905 2898 re
942 2838 1139 2918 adjuturum,
1169 2839 1225 2902 cui

191 2939 429 3025 quiescentibus
449 2938 589 3018 jamdum
608 2937 820 2998 conveniendi
840 2938 885 3001 tui
902 2941 1026 3022 copiam
1040 2963 1104 3001 non
1118 2941 1225 3004 lacis?

191 3040 323 3104 Interim
342 3051 468 3104 senatus
495 3037 602 3113 urbis,
629 3039 700 3100 data
720 3038 842 3117 publica
869 3041 948 3115 lide,
976 3042 1113 3122 hospitio
1134 3044 1224 3106 laetus

192 3140 324 3220 accipit,
355 3140 509 3220 hospitale
535 3159 666 3221 quoque
688 3159 801 3201 munus
835 3142 989 3217 offerens,
1024 3142 1084 3221 ipsi
1106 3142 1225 3224 magis-

191 3250 290 3304 tratus
323 3240 400 3303 alius
431 3261 528 3320 super
549 3239 642 3299 alium
668 3253 854 3302 reverenter
880 3244 1010 3317 adeunt,
1042 3243 1131 3305 multi
1154 3265 1226 3307 orn·

192 3340 281 3406 nium
302 3339 467 3412 ordinum,
493 3338 583 3420 quasi
605 3339 745 3400 certatim
764 3340 920 3405 irruentes
938 3342 1097 3417 invisunt,
1126 3343 1225 3409 etiam

192 3464 235 3508 ex
254 3439 386 3505 inimicis
416 3440 543 3524 quidam
563 3441 699 3501 redeunt
726 3440 760 3502 in
782 3444 929 3523 gratiam:
963 3444 1048 3505 solus
1069 3448 1223 3508 Erasmus

192 3545 332 3607 clausum
344 3563 379 3603 se
392 3541 478 3604 dorni
494 3551 597 3631 tenet,
617 3551 760 3604 metuens
773 3543 805 3603 in
819 3543 950 3605 dubium
962 3543 1103 3606 futurum
1115 3546 1225 3611 datam

192 3648 340 3710 Romano
362 3641 510 3707 Pontifici
529 3643 640 3716 fidem,
660 3640 687 3703 si
707 3641 733 3703 is
753 3643 879 3719 resciat,
908 3665 1087 3708 sermonem
1107 3659 1224 3710 contu·

192 3745 265 3810 lisse
294 3768 365 3809 cum
391 3748 544 3807 Hutteno.
595 3745 673 3825 Quae
695 3743 752 3805 alia
772 3744 873 3818 enim,
902 3745 927 3807 si
955 3749 1019 3809 lraec
1040 3769 1133 3809 causa
1153 3771 1223 3812 uon

191 3847 263 3911 est?
282 3847 351 3911 Nisi
367 3846 452 3908 sorte
468 3843 621 3917 metuisti,
643 3867 684 3905 ne
703 3855 834 3926 propter
850 3845 963 3908 frontis
977 3848 1223 3915 imbecillitatem

192 3949 276 4011 baud
296 3966 405 4028 posses
425 3947 509 4007 terre
530 3945 770 4020 conscientiam,
809 3945 887 4028 quin
907 3949 986 4008 hanc
1006 3950 1220 4016 eminentibus

191 4047 226 4110 in
244 4050 335 4110 vultu
362 4047 444 4107 notis
474 4047 645 4127 proderes,
676 4046 701 4109 si
730 4048 871 4128 quaedam
900 4068 962 4130 ego
984 4070 1091 4111 coram
1111 4064 1219 4117 lecum

192 4149 443 4229 expostularem,
477 4158 512 4208 ut
531 4149 787 4227 expostulaturus
806 4160 893 4210 certo
915 4170 1009 4212 eram.
1048 4155 1162 4235 Neque
1181 4164 1218 4216 tu

192 4250 376 4334 ignorabas,
410 4246 488 4331 quid
507 4269 556 4310 me
576 4269 658 4329 aegre
680 4249 734 4310 abs
759 4259 790 4309 le
809 4250 955 4327 haberet,
986 4274 1059 4315 meo
1080 4254 1218 4334 primum

192 4353 338 4425 nomine,
378 4350 467 4432 quod
501 4349 533 4411 in
569 4348 632 4410 tuis
659 4348 783 4428 scriptis
819 4362 865 4411 sat
894 4352 1006 4415 odiose
1036 4366 1216 4419 notaveras.

193 4454 319 4519 Deinde
339 4450 512 4533 Capnionis
531 4473 635 4534 nuper
654 4451 718 4514 vita
737 4451 895 4530 defuncti,
924 4475 1019 4537 quem
1043 4457 1216 4521 loedissime
