2618 5108
211 816 281 891 6⁶2
458 813 640 898 tudinium
664 814 809 892 Erasmi
831 817 955 895 Alberi

208 1009 371 1074 rmiversas
389 1008 500 1073 sordes
518 1007 693 1085 idolorum,
725 1030 798 1094 qun
814 1010 928 1094 impius
950 1011 1010 1077 iste
1037 1019 1223 1088 Jeroboam,

208 1109 343 1174 avaritiae
373 1110 486 1193 gratia,
526 1108 567 1172 de
595 1111 693 1172 corde
723 1132 784 1173 suo
812 1115 978 1177 confinxit.
1022 1113 1106 1177 Hinc
1134 1131 1223 1174 niune

205 1210 295 1275 multi
323 1209 439 1293 impuri
465 1209 638 1285 sacrifices,
666 1210 841 1291 posthabita
859 1215 987 1277 sordida
1006 1217 1075 1291 lue,
1096 1217 1224 1278 nubunt

206 1310 240 1373 in
251 1310 406 1387 Domino,
429 1309 572 1394 quamvis
584 1321 616 1372 et
627 1312 688 1372 hoe
701 1313 849 1376 Erasmus
861 1316 939 1376 male
950 1315 1070 1378 habeat.
1109 1317 1223 1378 Mallet

205 1414 305 1489 enim,
325 1413 359 1475 id
378 1412 448 1476 fieri
466 1413 700 1494 Episcoporum
717 1413 900 1476 autoritate:
927 1415 1114 1497 quasivero
1135 1418 1224 1481 Pau·

203 1515 251 1576 lus
272 1534 427 1596 organum
452 1514 529 1576 illud
550 1516 700 1589 electum,
728 1533 793 1574 non
821 1517 862 1578 sit
891 1515 949 1578 iltis
978 1516 1049 1580 satis
1083 1518 1221 1582 idoneus

202 1612 400 1694 Episcopus,
439 1615 496 1697 qui
525 1617 584 1676 tale
616 1615 719 1676 docet.
780 1615 808 1678 0
836 1614 1021 1678 coecitatem!
1057 1619 1223 1696 Scriptura

204 1735 337 1799 quoque
378 1716 488 1777 docet:
519 1713 652 1776 crescite
687 1724 718 1776 et
748 1713 1011 1796 multiplicamini!
1055 1720 1220 1797 Erasmus,

203 1814 298 1896 hujus
319 1815 479 1896 scripturn
499 1815 674 1893 interpres,
695 1813 805 1890 docet,
825 1815 858 1876 id
878 1815 995 1879 debere
1014 1819 1085 1879 fieri
1099 1821 1222 1882 autori·

201 1927 264 1977 tate
278 1915 531 1998 Episcoporum‚
554 1915 644 1999 quasi
656 1916 744 1978 Deus
756 1913 899 1996 Optimus
912 1916 1071 1979 illeximus
1092 1937 1157 1980 non
1176 1918 1228 1983 sit.

203 2039 262 2099 per
281 2038 315 2080 se
334 2017 407 2078 satis
427 2017 530 2080 bonus
550 2028 659 2089 antor,
683 2013 738 2098 qui
756 2016 818 2077 hoc
835 2012 940 2094 jubet,
962 2016 1026 2079 imo
1046 2019 1099 2080 dat
1118 2020 1227 2098 vires„

201 2128 239 2181 ut
256 2117 422 2198 impleatur
432 2128 622 2198 preceptum
635 2136 740 2192 suum,
760 2116 822 2178 boc
834 2127 897 2192 est,
918 2129 1014 2198 puto,
1036 2120 1226 2186 ascendisse.

201 2217 306 2281 cubile
318 2209 421 2300 'patris
441 2229 473 2279 et
491 2217 625 2280 foedasse
644 2226 773 2278 stratum
791 2215 872 2296 ejus.
912 2219 996 2298 Quid
1017 2220 1044 2282 si
1063 2219 1220 2301 Episcopi

199 2320 325 2384 nolint?
368 2320 467 2397 (Sicut
499 2329 530 2380 et
555 2338 615 2396 pro
644 2317 773 2398 pristina
798 2338 855 2379 sua
882 2320 1046 2396 tyrannide
1079 2321 1215 2397 nolunt3

198 2421 316 2483 malunt
341 2409 423 2481 enini
448 2418 492 2480 illi
521 2417 597 2479 boni
618 2417 678 2480 viri
704 2430 830 2480 centum
856 2420 933 2481 male
967 2419 1082 2482 olentia
1109 2433 1219 2486 scorta

200 2520 361 2584 admittere
380 2519 436 2581 uni
456 2517 616 2594 sacrifico,
638 2539 731 2601 quam
750 2518 874 2580 unicum
893 2523 1088 2584 uxorculam.
1127 2525 1218 2586 Ecce

198 2621 319 2685 fructus
339 2621 470 2684 istorum
490 2622 712 2684 sanctulorum.
752 2616 919 2682 Cum'istis
938 2621 1033 2684 habet
1052 2623 1218 2687 Erasmus.

199 2724 229 2788 0
257 2722 447 2803 impietatem
476 2724 546 2800 plus
568 2742 667 2810 ⁴quarn
701 2719 899 2795 ludaicamll
929 2721 1084 2785 Dominus
1112 2723 1216 2801 Deus,

199 2824 253 2908 qui
280 2823 452 2904 sapientior
479 2832 526 2885 est
545 2820 712 2903 Episcopis
745 2822 909 2883 ethorum
930 2825 1080 2901 Erasmo‚
1110 2822 1216 2906 jubet,

196 2937 233 2988 ut
259 2946 433 2989 crescamus
464 2934 497 2984 et
522 2922 782 3004 multiplicemur,
821 2925 1000 2988 nolentibus
1030 2926 1216 2989 volentibus

197 3026 383 3105 Episcopis‚
404 3026 555 3087 suadente
568 3034 600 3085 et
610 3023 810 3087 dissuadente
823 3028 973 3101 Ermmu,
995 3048 1100 3108 neque
1119 3028 1217 3090 ullam

195 3147 363 3207 personam
391 3123 525 3204 excipit,
552 3134 664 3205 practer
681 3129 814 3203 paucula
833 3128 1061 3189 Eunuchorum
1082 3147 1214 3209 genera,

195 3245 301 3307 neque
319 3237 441 3305 tempus
462 3228 573 3298 ullum3
593 3227 740 3287 Erasmus
753 3239 860 3307 putat,
883 3228 1113 3307 expectandum
1134 3238 1215 3291 tem-

195 3347 275 3409 pus,
307 3347 373 3409 quo
400 3327 484 3388 sorte
517 3324 673 3387 reddituri
698 3339 771 3388 sunt
797 3327 1028 3391 matrimonium
1046 3327 1214 3410 Episcopi.

195 3429 281 3511 Quid
312 3427 339 3490 si
376 3426 499 3490 interim
529 3437 688 3508 nequeant
718 3429 881 3489 continere
913 3429 1089 3491 sacrifices?
1127 3429 1214 3490 Eant

193 3530 345 3614 Episcopi
365 3540 396 3589 et
416 3531 581 3601 Erasmus,
602 3538 650 3600 et,
670 3538 705 3588 ut
726 3541 798 3591 sunt
816 3528 972 3611 sapientes
991 3528 1098 3590 viriet
1116 3529 1213 3593 mira·

193 3634 271 3697 biles
291 3631 451 3705 homines,
482 3628 668 3710 prohibeant
689 3639 828 3691 naturam
856 3639 904 3690 tot
928 3628 1119 3705 sacrificum,
1152 3629 1213 3714 qui

193 3735 317 3797 coelibes
336 3732 444 3793 vivere
464 3738 643 3810 nequeunt,
664 3739 695 3789 et
713 3731 895 3792 mendacem
913 3729 1029 3792 faciant
1052 3731 1157 3793 Deum
1176 3731 1212 3794 in

194 3853 292 3914 opere
312 3852 389 3906 suo,
411 3829 493 3891 sicut
512 3841 543 3890 et
561 3826 709 3891 hactenus
729 3829 795 3892 aliis
815 3830 934 3893 seculis
954 3831 1037 3893 soliti
1058 3831 1212 3895 suntlre·

193 3944 337 4018 quenter.
376 3931 513 3992 Videtur
541 3950 672 4013 quoque
699 3930 795 3992 Petro
815 3952 940 4013 aequum
970 3951 1055 4005 esse,
1084 3933 1210 4011 utplus

193 4032 358 4097 obediatur
379 4031 469 4105 Deo,
491 4052 584 4112 qnam
595 4030 785 4093 bominibus.
820 4034 906 4093 Ecce
918 4032 1100 4112 sapientiam
1113 4035 1212 4095 Eras-

193 4134 319 4199 micam!
339 4131 401 4193 Hic
421 4141 469 4192 est
488 4130 539 4191 ille
558 4132 724 4204 Erasmus,
745 4133 801 4213 qui
820 4149 940 4194 novum
959 4133 1112 4214 confingit
1131 4129 1209 4197 fidei

192 4237 403 4302 defensorem.
441 4231 564 4293 Habeat
582 4251 657 4294 sane
677 4233 825 4293 Erasmus
844 4255 938 4296 suum
962 4233 1037 4296 fidei
1057 4234 1209 4297 defenso-

191 4359 258 4400 rem
278 4336 399 4414 Regem
419 4331 557 4414 Angliae,
583 4334 699 4394 clarum
726 4334 811 4396 illum
831 4335 967 4408 mundo,
1000 4333 1208 4414 impotentem

191 4437 303 4519 spiritu
310 4458 320 4510 ;
351 4455 410 4499 noe
429 4432 596 4497 babeamus
625 4431 803 4512 Christum,
832 4454 928 4518 quem
946 4432 1134 4499 fraterculus
1153 4435 1208 4501 ille
