2618 5108
489 773 754 873 Expostulatio.
1070 779 1157 860 sto?

115 989 185 1032 cam
206 988 276 1033 sese
299 967 475 1032 doctrinam
497 968 671 1049 recipiunt,
693 970 871 1034 Lutherani
894 970 993 1053 vulgo
1019 991 1142 1054 coguo-

111 1073 290 1145 minentur,
316 1070 418 1132 seram
436 1069 651 1153 aequanimiter
670 1072 889 1149 appellationis
912 1069 1078 1153 injuriam,
1097 1090 1141 1136 ue

112 1173 161 1236 rei
184 1170 420 1251 professionem
449 1170 607 1251 abnegare
638 1170 760 1234 videar.
808 1175 924 1257 Neque
946 1175 988 1236 ita
1009 1194 1060 1236 me
1087 1175 1142 1238 ali·

35 1310 43 1322 ·
110 1274 204 1354 cujus
227 1271 390 1352 poenitebit
408 1270 634 1351 cognomenti,
662 1284 698 1334 ut
722 1275 772 1335 vel
794 1275 1009 1356 suspicionem
1032 1276 1143 1340 mutati

111 1373 303 1436 honestioris
326 1371 462 1434 instituti
482 1374 624 1453 praebere
644 1373 684 1436 de
703 1394 754 1436 mc
771 1374 876 1437 velim.
915 1376 1023 1441 Habes
1035 1375 1144 1440 reddi·

111 1485 174 1537 tam
194 1473 252 1536 tibi
271 1473 444 1549 rationem,
477 1494 534 1535 cur
559 1475 735 1536 Lutherani
763 1476 1006 1555 appellationem
1025 1498 1142 1558 agnos·

113 1596 201 1636 carn:
234 1596 320 1636 nunc
339 1574 431 1636 lacile
459 1585 507 1636 est
527 1576 623 1638 fidem
644 1557 790 1639 omnibus
811 1577 936 1654 lacere,
957 1576 1078 1641 eisdem
1099 1579 1142 1644 de

110 1676 213 1738 causis
232 1677 452 1739 Lutheranum
483 1696 553 1737 esse
581 1687 612 1736 te
633 1698 784 1760 quoque,
805 1689 893 1742 tanto
915 1678 1009 1741 etiam
1030 1679 1143 1761 magis,

109 1799 204 1861 quam
230 1779 284 1839 vel
309 1799 360 1839 me
380 1780 433 1839 vel
461 1798 653 1859 quemquam
682 1780 795 1856 alium,
829 1792 948 1863 quanto
975 1792 1010 1842 tu
1030 1781 1144 1844 melior

111 1879 251 1960 scriptor
271 1899 323 1953 es,
345 1899 382 1939 ac
400 1890 509 1941 orator
530 1878 688 1942 disertior.
740 1883 822 1943 Nam
840 1891 877 1942 ut
895 1881 984 1962 prius
1004 1882 1142 1959 ostendi,

111 1981 223 2042 eadem
243 1979 337 2061 egisti
357 1990 412 2055 tu,
433 1990 465 2040 et
484 1980 572 2060 prius
592 1981 704 2063 egisti,
725 2002 820 2064 quam
838 2003 889 2044 me
910 1993 942 2044 et
961 1983 1143 2049 Lutherum

109 2093 201 2143 natos
223 2080 318 2141 sciret
339 2081 487 2144 mundus.
525 2081 619 2144 Licet
640 2103 725 2144 nunc
745 2104 864 2165 purges
877 2094 908 2144 te
922 2083 997 2159 illis,
1018 2082 1144 2146 acnibil

112 2186 173 2243 tale
196 2180 357 2242 admisisse
378 2183 481 2245 videri
495 2184 586 2246 velis.
622 2185 666 2246 Ar
682 2186 731 2246 vel
749 2183 871 2246 aboleri
888 2184 1054 2248 maximam
1071 2197 1144 2248 tuo·

114 2306 186 2346 rum
197 2283 388 2364 scriptorum
401 2296 520 2365 partem
536 2284 706 2364 oportebit,
719 2287 770 2347 vel
784 2286 976 2362 censeberis,
987 2298 1019 2348 et
1031 2299 1067 2348 tu
1080 2285 1146 2353 tac·

112 2384 201 2446 tione
222 2386 279 2446 hac
300 2385 573 2467 (quandoquidem
588 2386 759 2448 factionem
778 2388 907 2464 vocant)
929 2389 968 2449 ab
983 2388 1143 2465 omnibus,

113 2485 258 2568 quirem
289 2484 389 2565 ipsam
420 2485 617 2548 aestimabunt
636 2487 755 2569 magis,
788 2509 882 2570 quam
906 2489 1014 2569 specie
1032 2499 1145 2553 move·

112 2586 248 2650 buntur.
289 2586 387 2664 Quod
412 2585 439 2647 si
470 2589 521 2648 vel
550 2588 773 2668 purgationem
800 2586 843 2651 illi
865 2599 950 2650 tuam
978 2589 1144 2671 accipient,

113 2690 166 2750 vel
187 2708 224 2748 ea
240 2687 274 2747 in
290 2687 435 2748 futurum
451 2687 505 2750 abs
522 2699 554 2750 te
569 2699 696 2768 sperant
712 2689 895 2764 commoda,
918 2688 1033 2771 quibus
1049 2689 1143 2754 facile
1197 2732 1207 2753 .-

111 2789 215 2868 prisca
228 2788 364 2850 sarciant
380 2789 510 2863 damna,
530 2800 561 2850 et
576 2788 609 2849 in
618 2789 830 2863 Lutheranos‚
848 2790 910 2851 boc
926 2800 985 2864 est,
1003 2790 1144 2857 veritatis

113 2892 304 2965 adsertores,
321 2900 354 2951 et
372 2888 556 2952 Christianae
574 2889 724 2952 libertatis
743 2888 902 2965 vindices,
922 2900 957 2953 tu
972 2891 1143 2964 scribendo
1199 2887 1201 2890 ’

111 2990 293 3066 inveheris,
326 3011 361 3051 ac
388 3011 448 3051 nos
474 2993 557 3053 ultro
585 2989 643 3051 tibi
668 2990 867 3052 adversarios
885 2991 1054 3072 deposcis:
1079 3013 1144 3077 ego

112 3104 225 3155 contra
242 3090 558 3154 nihilanimadverso
577 3090 722 3154 factionis
737 3091 882 3170 nomine,
902 3093 960 3155 sed
981 3092 1029 3155 rei
1049 3114 1144 3177 quarn

112 3191 318 3274 persequeris
345 3191 448 3254 habita
474 3191 617 3267 ratione,
648 3203 800 3274 quantum
827 3193 860 3255 in
879 3212 931 3255 rue
957 3192 1035 3269 erit,
1058 3215 1145 3260 com-

114 3312 244 3357 munem
271 3302 381 3355 contra
406 3304 439 3356 te
467 3313 591 3354 causam
619 3292 743 3355 tuebor.
780 3295 883 3372 Quam
903 3304 1008 3355 tamen
1026 3297 1144 3358 nollem

114 3393 295 3473 impositam
313 3392 367 3457 abs
393 3405 426 3457 te
444 3393 520 3456 mihi
546 3394 773 3457 necessitatem.
825 3393 890 3455 Sed
910 3393 985 3476 quia
1003 3392 1146 3473 praestitit

112 3494 188 3566 tibi,
222 3493 279 3556 illis
305 3494 484 3574 parasitari,
519 3516 613 3577 quarn
632 3514 757 3558 mecum
781 3493 816 3556 in
835 3493 939 3556 officio
959 3492 1142 3573 persistere,

112 3594 257 3678 disjungi
285 3594 403 3676 patiar,
428 3605 464 3656 ut
493 3605 528 3657 tu
556 3596 713 3658 concedas
733 3594 825 3671 illuc,
854 3594 912 3656 ubi
942 3594 1144 3656 autoritatem

112 3698 251 3762 Romani
270 3695 436 3760 Pontificis
456 3695 587 3776 expedit
606 3707 837 3758 sacrosanctam
855 3694 979 3758 haberi:
1010 3716 1072 3776 ego
1092 3696 1144 3759 bic

112 3820 276 3873 maneam,
303 3797 359 3859 ubi
379 3798 558 3859 consultum
577 3807 624 3860 cst
644 3797 692 3861 rei
712 3795 914 3872 Christiane,
942 3806 977 3857 ut
996 3815 1144 3861 amovea-

111 3911 182 3977 tur,
218 3897 364 3981 quisquis
394 3897 427 3957 in
454 3897 587 3960 ecclesia
606 3897 804 3977 tyrannidem
824 3909 969 3977 occupat.
1009 3899 1061 3959 'su
1081 3895 1144 3960 illic

114 4022 248 4064 securus
269 4019 360 4078 agas,
394 3996 450 4058 ubi
469 4009 615 4077 potentes
635 3996 806 4074 visisunt,
839 3997 894 4080 qui
913 4018 1045 4060 munera
1065 4000 1144 4063 offe·
1198 4054 1207 4075 ι.

112 4115 205 4179 runt,
237 4113 268 4161 ct
294 4109 422 4181 paratos
447 4098 580 4174 babent,
610 4099 637 4159 si
661 4099 696 4160 in
719 4101 896 4162 Lutherum
926 4099 1066 4161 scribere
1095 4100 1142 4163 vis

112 4206 327 4285 Episcopatus
358 4199 432 4276 tibi,
473 4221 510 4261 ac
537 4200 713 4263 sacerdotia
742 4201 862 4262 cedunt
887 4198 970 4263 haud
1001 4210 1142 4262 contem-

112 4307 237 4370 nenda:
258 4323 321 4386 ego
340 4303 391 4365 hic
409 4301 590 4382 pericliter,
605 4301 661 4364 ubi
674 4300 807 4385 integri,
828 4321 952 4383 graves,
969 4298 1055 4374 veri,
1070 4318 1143 4361 can·
1175 4343 1179 4351 -

113 4406 195 4484 didi,
226 4403 361 4480 sinceri,
381 4414 580 4479 constantes,
608 4414 641 4467 et
660 4401 752 4465 liberi
771 4402 914 4466 homines
935 4409 1028 4475 sunt,
1060 4419 1143 4481 quos
