<?xml version="1.0" encoding="UTF-8"?>
<!DOCTYPE html PUBLIC "-//W3C//DTD XHTML 1.0 Transitional//EN"
    "http://www.w3.org/TR/xhtml1/DTD/xhtml1-transitional.dtd">
<html xmlns="http://www.w3.org/1999/xhtml" xml:lang="en" lang="en">
 <head>
  <title>
</title>
<meta http-equiv="Content-Type" content="text/html;charset=utf-8" />
  <meta name='ocr-system' content='tesseract 3.04.00' />
  <meta name='ocr-capabilities' content='ocr_page ocr_carea ocr_par ocr_line ocrx_word'/>
</head>
<body>
  <div class='ocr_page' id='page_1' title='image "./ulrichiabhutten00mngoog_0164.png"; bbox 0 0 2618 5108; ppageno 0'>
   <div class='ocr_carea' id='block_1_1' title="bbox 183 772 1004 876">
    <p class='ocr_par' dir='ltr' id='par_1_1' title="bbox 183 772 1004 876">
     <span class='ocr_line' id='line_1_1' title="bbox 183 772 1004 876; baseline -0.007 -1"><span class='ocrx_word' id='word_1_1' title='bbox 183 791 251 866; x_wconf 67' lang='lat'><strong>154</strong></span> <span class='ocrx_word' id='word_1_2' title='bbox 278 772 283 781; x_wconf 40' lang='lat'><strong>⁹</strong></span> <span class='ocrx_word' id='word_1_3' title='bbox 493 794 662 876; x_wconf 79' lang='lat' dir='ltr'><strong>Monitot</strong></span> <span class='ocrx_word' id='word_1_4' title='bbox 705 792 898 875; x_wconf 85' lang='lat' dir='ltr'><strong>secundus.</strong></span> <span class='ocrx_word' id='word_1_5' title='bbox 1000 791 1004 821; x_wconf 81' lang='lat'>²</span> 
     </span>
    </p>
   </div>
   <div class='ocr_carea' id='block_1_2' title="bbox 104 986 1285 4021">
    <p class='ocr_par' dir='ltr' id='par_1_2' title="bbox 567 986 827 1054">
     <span class='ocr_line' id='line_1_2' title="bbox 567 986 827 1054; baseline 0.012 -4"><span class='ocrx_word' id='word_1_6' title='bbox 567 986 827 1054; x_wconf 75' lang='lat' dir='ltr'><strong>Franciscus.</strong></span> 
     </span>
    </p>

    <p class='ocr_par' dir='ltr' id='par_1_3' title="bbox 104 1087 1285 4021">
     <span class='ocr_line' id='line_1_3' title="bbox 256 1087 1218 1173; baseline -0.002 -19"><span class='ocrx_word' id='word_1_7' title='bbox 256 1090 301 1155; x_wconf 87' lang='lat' dir='ltr'><strong>Ut</strong></span> <span class='ocrx_word' id='word_1_8' title='bbox 327 1088 391 1167; x_wconf 82' lang='lat' dir='ltr'><strong>eis,</strong></span> <span class='ocrx_word' id='word_1_9' title='bbox 422 1088 577 1173; x_wconf 87' lang='lat' dir='ltr'><strong>oportuit.</strong></span> <span class='ocrx_word' id='word_1_10' title='bbox 627 1091 699 1154; x_wconf 80' lang='lat' dir='ltr'><strong>Jam</strong></span> <span class='ocrx_word' id='word_1_11' title='bbox 729 1089 816 1154; x_wconf 89' lang='lat' dir='ltr'><strong>enim</strong></span> <span class='ocrx_word' id='word_1_12' title='bbox 841 1090 1027 1155; x_wconf 78' lang='lat' dir='ltr'><strong>militaribus</strong></span> <span class='ocrx_word' id='word_1_13' title='bbox 1053 1090 1106 1154; x_wconf 73' lang='lat' dir='ltr'><strong>itte</strong></span> <span class='ocrx_word' id='word_1_14' title='bbox 1130 1087 1218 1152; x_wconf 86' lang='lat' dir='ltr'><strong>curis</strong></span> 
     </span>
     <span class='ocr_line' id='line_1_4' title="bbox 181 1190 1285 1277; baseline 0 -22"><span class='ocrx_word' id='word_1_15' title='bbox 181 1191 346 1255; x_wconf 74' lang='lat' dir='ltr'>acuendus</span> <span class='ocrx_word' id='word_1_16' title='bbox 368 1201 451 1267; x_wconf 80' lang='lat' dir='ltr'><strong>erut,</strong></span> <span class='ocrx_word' id='word_1_17' title='bbox 472 1201 504 1257; x_wconf 91' lang='lat' dir='ltr'><strong>et</strong></span> <span class='ocrx_word' id='word_1_18' title='bbox 522 1191 661 1256; x_wconf 83' lang='lat' dir='ltr'><strong>consiliis</strong></span> <span class='ocrx_word' id='word_1_19' title='bbox 674 1194 774 1255; x_wconf 84' lang='lat' dir='ltr'><strong>multo</strong></span> <span class='ocrx_word' id='word_1_20' title='bbox 787 1193 887 1277; x_wconf 80' lang='lat' dir='ltr'><strong>magis</strong></span> <span class='ocrx_word' id='word_1_21' title='bbox 905 1213 940 1255; x_wconf 89' lang='lat' dir='ltr'><strong>se</strong></span> <span class='ocrx_word' id='word_1_22' title='bbox 955 1192 1060 1276; x_wconf 85' lang='lat' dir='ltr'><strong>dignis</strong></span> <span class='ocrx_word' id='word_1_23' title='bbox 1073 1190 1219 1254; x_wconf 81' lang='lat' dir='ltr'><strong>irnbuen·</strong></span> <span class='ocrx_word' id='word_1_24' title='bbox 1282 1250 1285 1255; x_wconf 84' lang='lat'><em>.</em></span> 
     </span>
     <span class='ocr_line' id='line_1_5' title="bbox 104 1289 1220 1382; baseline -0.001 -23"><span class='ocrx_word' id='word_1_25' title='bbox 104 1312 108 1320; x_wconf 55' lang='lat'><strong><em>¹</em></strong></span> <span class='ocrx_word' id='word_1_26' title='bbox 173 1293 253 1382; x_wconf 83' lang='lat' dir='ltr'><strong>¹dus.</strong></span> <span class='ocrx_word' id='word_1_27' title='bbox 290 1293 371 1356; x_wconf 84' lang='lat' dir='ltr'><strong>Nam</strong></span> <span class='ocrx_word' id='word_1_28' title='bbox 390 1289 456 1354; x_wconf 79' lang='lat' dir='ltr'><strong>acri</strong></span> <span class='ocrx_word' id='word_1_29' title='bbox 475 1291 568 1356; x_wconf 92' lang='lat' dir='ltr'><strong>nobis</strong></span> <span class='ocrx_word' id='word_1_30' title='bbox 589 1304 772 1373; x_wconf 80' lang='lat' dir='ltr'><strong>tempestate</strong></span> <span class='ocrx_word' id='word_1_31' title='bbox 792 1295 869 1370; x_wconf 84' lang='lat' dir='ltr'><strong>hae,</strong></span> <span class='ocrx_word' id='word_1_32' title='bbox 897 1306 930 1356; x_wconf 92' lang='lat' dir='ltr'><strong>et</strong></span> <span class='ocrx_word' id='word_1_33' title='bbox 955 1293 1136 1358; x_wconf 79' lang='lat' dir='ltr'><strong>vehementi</strong></span> <span class='ocrx_word' id='word_1_34' title='bbox 1154 1293 1220 1357; x_wconf 89' lang='lat' dir='ltr'><strong>Im·</strong></span> 
     </span>
     <span class='ocr_line' id='line_1_6' title="bbox 177 1388 1219 1480; baseline -0.002 -22"><span class='ocrx_word' id='word_1_35' title='bbox 177 1388 327 1477; x_wconf 83' lang='lat' dir='ltr'><strong>peratore</strong></span> <span class='ocrx_word' id='word_1_36' title='bbox 348 1414 430 1473; x_wconf 87' lang='lat' dir='ltr'><strong>opus</strong></span> <span class='ocrx_word' id='word_1_37' title='bbox 451 1409 508 1457; x_wconf 85' lang='lat' dir='ltr'><strong>est.</strong></span> <span class='ocrx_word' id='word_1_38' title='bbox 548 1394 665 1477; x_wconf 87' lang='lat' dir='ltr'>Neque</span> <span class='ocrx_word' id='word_1_39' title='bbox 684 1415 827 1480; x_wconf 77' lang='lat' dir='ltr'><strong>unquam</strong></span> <span class='ocrx_word' id='word_1_40' title='bbox 844 1394 949 1459; x_wconf 88' lang='lat' dir='ltr'><strong>minus</strong></span> <span class='ocrx_word' id='word_1_41' title='bbox 965 1394 1089 1472; x_wconf 83' lang='lat' dir='ltr'><strong>decuit,</strong></span> <span class='ocrx_word' id='word_1_42' title='bbox 1109 1394 1219 1478; x_wconf 84' lang='lat' dir='ltr'><strong>segni·</strong></span> 
     </span>
     <span class='ocr_line' id='line_1_7' title="bbox 177 1493 1220 1578; baseline 0 -18"><span class='ocrx_word' id='word_1_43' title='bbox 177 1506 228 1561; x_wconf 79' lang='lat' dir='ltr'><strong>ter</strong></span> <span class='ocrx_word' id='word_1_44' title='bbox 257 1496 309 1578; x_wconf 84' lang='lat' dir='ltr'><strong>egi</strong></span> <span class='ocrx_word' id='word_1_45' title='bbox 337 1493 517 1575; x_wconf 83' lang='lat' dir='ltr'><strong>imperium.</strong></span> <span class='ocrx_word' id='word_1_46' title='bbox 563 1496 661 1577; x_wconf 86' lang='lat' dir='ltr'><strong>Quod</strong></span> <span class='ocrx_word' id='word_1_47' title='bbox 693 1495 720 1559; x_wconf 87' lang='lat' dir='ltr'><strong>si</strong></span> <span class='ocrx_word' id='word_1_48' title='bbox 751 1519 816 1563; x_wconf 90' lang='lat' dir='ltr'><strong>uon</strong></span> <span class='ocrx_word' id='word_1_49' title='bbox 845 1507 929 1564; x_wconf 82' lang='lat' dir='ltr'><strong>esset</strong></span> <span class='ocrx_word' id='word_1_50' title='bbox 963 1497 1077 1575; x_wconf 79' lang='lat' dir='ltr'><strong>etiem,</strong></span> <span class='ocrx_word' id='word_1_51' title='bbox 1111 1509 1220 1560; x_wconf 84' lang='lat' dir='ltr'><strong>tamen</strong></span> 
     </span>
     <span class='ocr_line' id='line_1_8' title="bbox 177 1596 1222 1682; baseline 0.001 -21"><span class='ocrx_word' id='word_1_52' title='bbox 177 1597 346 1661; x_wconf 79' lang='lat' dir='ltr'><strong>excitanda</strong></span> <span class='ocrx_word' id='word_1_53' title='bbox 363 1598 430 1660; x_wconf 84' lang='lat' dir='ltr'><strong>haee</strong></span> <span class='ocrx_word' id='word_1_54' title='bbox 448 1608 521 1661; x_wconf 78' lang='lat' dir='ltr'><strong>aetss</strong></span> <span class='ocrx_word' id='word_1_55' title='bbox 542 1596 619 1674; x_wconf 86' lang='lat' dir='ltr'><strong>suit,</strong></span> <span class='ocrx_word' id='word_1_56' title='bbox 641 1618 682 1661; x_wconf 93' lang='lat' dir='ltr'><strong>ne</strong></span> <span class='ocrx_word' id='word_1_57' title='bbox 704 1618 745 1660; x_wconf 86' lang='lat' dir='ltr'><strong>ex</strong></span> <span class='ocrx_word' id='word_1_58' title='bbox 765 1597 880 1682; x_wconf 77' lang='lat' dir='ltr'><strong>ignava</strong></span> <span class='ocrx_word' id='word_1_59' title='bbox 898 1599 1067 1676; x_wconf 81' lang='lat' dir='ltr'><strong>societate,</strong></span> <span class='ocrx_word' id='word_1_60' title='bbox 1087 1609 1120 1661; x_wconf 90' lang='lat' dir='ltr'><strong>et</strong></span> <span class='ocrx_word' id='word_1_61' title='bbox 1137 1620 1222 1662; x_wconf 89' lang='lat' dir='ltr'><strong>con·</strong></span> 
     </span>
     <span class='ocr_line' id='line_1_9' title="bbox 177 1698 1220 1781; baseline -0.004 -14"><span class='ocrx_word' id='word_1_62' title='bbox 177 1698 348 1767; x_wconf 72' lang='lat' dir='ltr'><strong>suetudine</strong></span> <span class='ocrx_word' id='word_1_63' title='bbox 375 1699 639 1765; x_wconf 81' lang='lat' dir='ltr'><strong>inertissimorum</strong></span> <span class='ocrx_word' id='word_1_64' title='bbox 664 1699 827 1767; x_wconf 84' lang='lat' dir='ltr'><strong>hominum</strong></span> <span class='ocrx_word' id='word_1_65' title='bbox 846 1699 1086 1781; x_wconf 79' lang='lat' dir='ltr'><strong>corruptionem</strong></span> <span class='ocrx_word' id='word_1_66' title='bbox 1113 1701 1220 1763; x_wconf 78' lang='lat' dir='ltr'><strong>trehe-</strong></span> 
     </span>
     <span class='ocr_line' id='line_1_10' title="bbox 177 1800 1219 1886; baseline 0 -21"><span class='ocrx_word' id='word_1_67' title='bbox 177 1812 247 1878; x_wconf 71' lang='lat' dir='ltr'><strong>ret,</strong></span> <span class='ocrx_word' id='word_1_68' title='bbox 278 1821 386 1885; x_wconf 89' lang='lat' dir='ltr'><strong>neque</strong></span> <span class='ocrx_word' id='word_1_69' title='bbox 418 1800 485 1878; x_wconf 91' lang='lat' dir='ltr'><strong>(id,</strong></span> <span class='ocrx_word' id='word_1_70' title='bbox 521 1803 612 1884; x_wconf 91' lang='lat' dir='ltr'><strong>quod</strong></span> <span class='ocrx_word' id='word_1_71' title='bbox 630 1802 758 1880; x_wconf 87' lang='lat' dir='ltr'><strong>debet,)</strong></span> <span class='ocrx_word' id='word_1_72' title='bbox 784 1823 824 1866; x_wconf 90' lang='lat' dir='ltr'><strong>eo</strong></span> <span class='ocrx_word' id='word_1_73' title='bbox 856 1803 1028 1886; x_wconf 79' lang='lat' dir='ltr'><strong>aliquunde</strong></span> <span class='ocrx_word' id='word_1_74' title='bbox 1057 1803 1219 1879; x_wconf 86' lang='lat' dir='ltr'><strong>tenderet,</strong></span> 
     </span>
     <span class='ocr_line' id='line_1_11' title="bbox 178 1902 1221 1986; baseline 0.003 -22"><span class='ocrx_word' id='word_1_75' title='bbox 178 1923 247 1986; x_wconf 84' lang='lat' dir='ltr'><strong>quo</strong></span> <span class='ocrx_word' id='word_1_76' title='bbox 273 1923 340 1970; x_wconf 86' lang='lat' dir='ltr'><strong>uon</strong></span> <span class='ocrx_word' id='word_1_77' title='bbox 368 1922 428 1985; x_wconf 87' lang='lat' dir='ltr'><strong>pen</strong></span> <span class='ocrx_word' id='word_1_78' title='bbox 457 1902 586 1979; x_wconf 89' lang='lat' dir='ltr'><strong>ludum,</strong></span> <span class='ocrx_word' id='word_1_79' title='bbox 619 1914 651 1964; x_wconf 88' lang='lat' dir='ltr'><strong>et</strong></span> <span class='ocrx_word' id='word_1_80' title='bbox 671 1903 915 1986; x_wconf 81' lang='lat' dir='ltr'><strong>negligentium,</strong></span> <span class='ocrx_word' id='word_1_81' title='bbox 946 1905 1005 1967; x_wconf 88' lang='lat' dir='ltr'><strong>sed</strong></span> <span class='ocrx_word' id='word_1_82' title='bbox 1025 1925 1154 1980; x_wconf 79' lang='lat' dir='ltr'><strong>euram,</strong></span> <span class='ocrx_word' id='word_1_83' title='bbox 1185 1914 1221 1967; x_wconf 88' lang='lat' dir='ltr'><strong>et</strong></span> 
     </span>
     <span class='ocr_line' id='line_1_12' title="bbox 178 2002 1218 2088; baseline -0.001 -19"><span class='ocrx_word' id='word_1_84' title='bbox 178 2002 440 2081; x_wconf 76' lang='lat' dir='ltr'><strong>sollicitudinem,</strong></span> <span class='ocrx_word' id='word_1_85' title='bbox 460 2004 603 2068; x_wconf 83' lang='lat' dir='ltr'><strong>laborem</strong></span> <span class='ocrx_word' id='word_1_86' title='bbox 621 2015 654 2067; x_wconf 88' lang='lat' dir='ltr'><strong>et</strong></span> <span class='ocrx_word' id='word_1_87' title='bbox 673 2003 795 2088; x_wconf 78' lang='lat' dir='ltr'><strong>vigilias</strong></span> <span class='ocrx_word' id='word_1_88' title='bbox 815 2002 1013 2086; x_wconf 88' lang='lat' dir='ltr'><strong>pervenitur.</strong></span> <span class='ocrx_word' id='word_1_89' title='bbox 1052 2005 1136 2084; x_wconf 80' lang='lat' dir='ltr'><strong>Quis</strong></span> <span class='ocrx_word' id='word_1_90' title='bbox 1155 2005 1218 2088; x_wconf 84' lang='lat' dir='ltr'><strong>igi·</strong></span> 
     </span>
     <span class='ocr_line' id='line_1_13' title="bbox 177 2105 1221 2190; baseline -0.002 -18"><span class='ocrx_word' id='word_1_91' title='bbox 177 2115 232 2172; x_wconf 81' lang='lat' dir='ltr'><strong>tur</strong></span> <span class='ocrx_word' id='word_1_92' title='bbox 249 2126 414 2190; x_wconf 77' lang='lat' dir='ltr'><strong>nunquam</strong></span> <span class='ocrx_word' id='word_1_93' title='bbox 432 2125 602 2172; x_wconf 81' lang='lat' dir='ltr'><strong>reversura</strong></span> <span class='ocrx_word' id='word_1_94' title='bbox 616 2105 732 2173; x_wconf 76' lang='lat' dir='ltr'><strong>abeunt</strong></span> <span class='ocrx_word' id='word_1_95' title='bbox 752 2115 915 2186; x_wconf 84' lang='lat' dir='ltr'><strong>tempora,</strong></span> <span class='ocrx_word' id='word_1_96' title='bbox 936 2127 1044 2189; x_wconf 89' lang='lat' dir='ltr'><strong>neque</strong></span> <span class='ocrx_word' id='word_1_97' title='bbox 1062 2105 1221 2186; x_wconf 86' lang='lat' dir='ltr'><strong>optimum</strong></span> 
     </span>
     <span class='ocr_line' id='line_1_14' title="bbox 180 2205 1220 2297; baseline 0 -27"><span class='ocrx_word' id='word_1_98' title='bbox 180 2207 272 2297; x_wconf 88' lang='lat' dir='ltr'><strong>quod</strong></span> <span class='ocrx_word' id='word_1_99' title='bbox 286 2216 352 2283; x_wconf 74' lang='lat' dir='ltr'><strong>est,</strong></span> <span class='ocrx_word' id='word_1_100' title='bbox 373 2226 446 2272; x_wconf 89' lang='lat' dir='ltr'><strong>cum</strong></span> <span class='ocrx_word' id='word_1_101' title='bbox 460 2206 600 2283; x_wconf 85' lang='lat' dir='ltr'><strong>venerit,</strong></span> <span class='ocrx_word' id='word_1_102' title='bbox 619 2205 675 2275; x_wconf 90' lang='lat' dir='ltr'><strong>diu</strong></span> <span class='ocrx_word' id='word_1_103' title='bbox 689 2218 811 2282; x_wconf 83' lang='lat' dir='ltr'><strong>manet,</strong></span> <span class='ocrx_word' id='word_1_104' title='bbox 829 2207 969 2274; x_wconf 78' lang='lat' dir='ltr'><strong>dandum</strong></span> <span class='ocrx_word' id='word_1_105' title='bbox 982 2205 1027 2269; x_wconf 87' lang='lat' dir='ltr'><strong>itli</strong></span> <span class='ocrx_word' id='word_1_106' title='bbox 1039 2206 1220 2284; x_wconf 78' lang='lat' dir='ltr'><strong>consilium,</strong></span> 
     </span>
     <span class='ocr_line' id='line_1_15' title="bbox 131 2305 1221 2391; baseline 0 -18"><span class='ocrx_word' id='word_1_107' title='bbox 131 2340 133 2346; x_wconf 95' lang='lat'>·</span> <span class='ocrx_word' id='word_1_108' title='bbox 180 2324 219 2380; x_wconf 84' lang='lat' dir='ltr'><strong>ut</strong></span> <span class='ocrx_word' id='word_1_109' title='bbox 237 2331 273 2372; x_wconf 85' lang='lat' dir='ltr'><strong>se</strong></span> <span class='ocrx_word' id='word_1_110' title='bbox 292 2319 402 2384; x_wconf 87' lang='lat' dir='ltr'><strong>curet,</strong></span> <span class='ocrx_word' id='word_1_111' title='bbox 425 2306 572 2390; x_wconf 88' lang='lat' dir='ltr'><strong>neuquid</strong></span> <span class='ocrx_word' id='word_1_112' title='bbox 588 2328 646 2388; x_wconf 87' lang='lat' dir='ltr'><strong>per</strong></span> <span class='ocrx_word' id='word_1_113' title='bbox 666 2305 819 2370; x_wconf 84' lang='lat' dir='ltr'><strong>desidiam</strong></span> <span class='ocrx_word' id='word_1_114' title='bbox 835 2307 988 2389; x_wconf 83' lang='lat' dir='ltr'><strong>negligat,</strong></span> <span class='ocrx_word' id='word_1_115' title='bbox 1019 2329 1085 2391; x_wconf 91' lang='lat' dir='ltr'><strong>quo</strong></span> <span class='ocrx_word' id='word_1_116' title='bbox 1110 2329 1170 2383; x_wconf 88' lang='lat' dir='ltr'><strong>ne,</strong></span> <span class='ocrx_word' id='word_1_117' title='bbox 1191 2307 1221 2373; x_wconf 87' lang='lat' dir='ltr'><strong>si</strong></span> 
     </span>
     <span class='ocr_line' id='line_1_16' title="bbox 181 2407 1221 2496; baseline 0.002 -25"><span class='ocrx_word' id='word_1_118' title='bbox 181 2430 277 2496; x_wconf 81' lang='lat' dir='ltr'><strong>quam</strong></span> <span class='ocrx_word' id='word_1_119' title='bbox 297 2409 381 2471; x_wconf 91' lang='lat' dir='ltr'><strong>bene</strong></span> <span class='ocrx_word' id='word_1_120' title='bbox 401 2407 538 2491; x_wconf 79' lang='lat' dir='ltr'><strong>oblatam</strong></span> <span class='ocrx_word' id='word_1_121' title='bbox 557 2407 618 2472; x_wconf 87' lang='lat' dir='ltr'><strong>sibi</strong></span> <span class='ocrx_word' id='word_1_122' title='bbox 645 2408 846 2472; x_wconf 81' lang='lat' dir='ltr'><strong>occasionem</strong></span> <span class='ocrx_word' id='word_1_123' title='bbox 865 2408 1069 2491; x_wconf 73' lang='lat' dir='ltr'><strong>praeterierit,</strong></span> <span class='ocrx_word' id='word_1_124' title='bbox 1100 2409 1221 2474; x_wconf 76' lang='lat' dir='ltr'><strong>frustra</strong></span> 
     </span>
     <span class='ocr_line' id='line_1_17' title="bbox 180 2507 1221 2593; baseline 0.003 -23"><span class='ocrx_word' id='word_1_125' title='bbox 180 2511 270 2593; x_wconf 89' lang='lat' dir='ltr'><strong>quod</strong></span> <span class='ocrx_word' id='word_1_126' title='bbox 292 2508 386 2585; x_wconf 84' lang='lat' dir='ltr'><strong>abiit,</strong></span> <span class='ocrx_word' id='word_1_127' title='bbox 421 2521 533 2591; x_wconf 81' lang='lat' dir='ltr'><strong>postea</strong></span> <span class='ocrx_word' id='word_1_128' title='bbox 553 2507 728 2584; x_wconf 81' lang='lat' dir='ltr'><strong>desideret3</strong></span> <span class='ocrx_word' id='word_1_129' title='bbox 764 2509 870 2578; x_wconf 85' lang='lat' dir='ltr'><strong>omnia</strong></span> <span class='ocrx_word' id='word_1_130' title='bbox 889 2531 970 2580; x_wconf 79' lang='lat' dir='ltr'><strong>vero</strong></span> <span class='ocrx_word' id='word_1_131' title='bbox 999 2508 1047 2575; x_wconf 81' lang='lat' dir='ltr'><strong>sie</strong></span> <span class='ocrx_word' id='word_1_132' title='bbox 1066 2509 1221 2588; x_wconf 82' lang='lat' dir='ltr'><strong>instituat,</strong></span> 
     </span>
     <span class='ocr_line' id='line_1_18' title="bbox 178 2609 1221 2695; baseline 0 -21"><span class='ocrx_word' id='word_1_133' title='bbox 178 2609 302 2694; x_wconf 86' lang='lat' dir='ltr'><strong>nequid</strong></span> <span class='ocrx_word' id='word_1_134' title='bbox 329 2610 546 2690; x_wconf 83' lang='lat' dir='ltr'><strong>poenitendum</strong></span> <span class='ocrx_word' id='word_1_135' title='bbox 577 2609 777 2686; x_wconf 75' lang='lat' dir='ltr'><strong>admittatur,</strong></span> <span class='ocrx_word' id='word_1_136' title='bbox 816 2622 853 2673; x_wconf 90' lang='lat' dir='ltr'><strong>ut</strong></span> <span class='ocrx_word' id='word_1_137' title='bbox 884 2633 1027 2694; x_wconf 86' lang='lat' dir='ltr'><strong>unquam</strong></span> <span class='ocrx_word' id='word_1_138' title='bbox 1055 2613 1221 2695; x_wconf 80' lang='lat' dir='ltr'><strong>contingat</strong></span> 
     </span>
     <span class='ocr_line' id='line_1_19' title="bbox 179 2710 1220 2795; baseline 0 -18"><span class='ocrx_word' id='word_1_139' title='bbox 179 2714 260 2790; x_wconf 79' lang='lat' dir='ltr'><strong>noc,</strong></span> <span class='ocrx_word' id='word_1_140' title='bbox 294 2712 384 2795; x_wconf 90' lang='lat' dir='ltr'><strong>quod</strong></span> <span class='ocrx_word' id='word_1_141' title='bbox 410 2710 444 2775; x_wconf 92' lang='lat' dir='ltr'><strong>in</strong></span> <span class='ocrx_word' id='word_1_142' title='bbox 469 2733 506 2775; x_wconf 86' lang='lat' dir='ltr'><strong>re</strong></span> <span class='ocrx_word' id='word_1_143' title='bbox 532 2710 656 2775; x_wconf 85' lang='lat' dir='ltr'><strong>militari</strong></span> <span class='ocrx_word' id='word_1_144' title='bbox 684 2722 778 2792; x_wconf 85' lang='lat' dir='ltr'><strong>turpe</strong></span> <span class='ocrx_word' id='word_1_145' title='bbox 804 2711 897 2774; x_wconf 85' lang='lat' dir='ltr'><strong>duxit</strong></span> <span class='ocrx_word' id='word_1_146' title='bbox 918 2713 1025 2793; x_wconf 91' lang='lat' dir='ltr'><strong>Scipio</strong></span> <span class='ocrx_word' id='word_1_147' title='bbox 1045 2712 1220 2777; x_wconf 79' lang='lat' dir='ltr'><strong>Africanus</strong></span> 
     </span>
     <span class='ocr_line' id='line_1_20' title="bbox 179 2811 1219 2897; baseline -0.003 -18"><span class='ocrx_word' id='word_1_148' title='bbox 179 2814 309 2880; x_wconf 81' lang='lat' dir='ltr'><strong>diceret</strong></span> <span class='ocrx_word' id='word_1_149' title='bbox 330 2835 420 2889; x_wconf 88' lang='lat' dir='ltr'><strong>„non</strong></span> <span class='ocrx_word' id='word_1_150' title='bbox 439 2818 616 2896; x_wconf 62' lang='lat' dir='ltr'><strong>putaram.“</strong></span> <span class='ocrx_word' id='word_1_151' title='bbox 656 2814 738 2875; x_wconf 82' lang='lat' dir='ltr'><strong>Num</strong></span> <span class='ocrx_word' id='word_1_152' title='bbox 758 2811 837 2896; x_wconf 90' lang='lat' dir='ltr'><strong>quid</strong></span> <span class='ocrx_word' id='word_1_153' title='bbox 857 2813 891 2875; x_wconf 92' lang='lat' dir='ltr'><strong>in</strong></span> <span class='ocrx_word' id='word_1_154' title='bbox 910 2835 1005 2876; x_wconf 80' lang='lat' dir='ltr'><strong>cause</strong></span> <span class='ocrx_word' id='word_1_155' title='bbox 1024 2835 1095 2878; x_wconf 88' lang='lat' dir='ltr'><strong>esse</strong></span> <span class='ocrx_word' id='word_1_156' title='bbox 1114 2826 1219 2897; x_wconf 83' lang='lat' dir='ltr'><strong>putas,</strong></span> 
     </span>
     <span class='ocr_line' id='line_1_21' title="bbox 179 2913 1221 3002; baseline 0.001 -23"><span class='ocrx_word' id='word_1_157' title='bbox 179 2936 281 3002; x_wconf 86' lang='lat' dir='ltr'><strong>quare</strong></span> <span class='ocrx_word' id='word_1_158' title='bbox 301 2916 468 2978; x_wconf 89' lang='lat' dir='ltr'><strong>continens</strong></span> <span class='ocrx_word' id='word_1_159' title='bbox 498 2913 562 2996; x_wconf 83' lang='lat' dir='ltr'><strong>jam</strong></span> <span class='ocrx_word' id='word_1_160' title='bbox 582 2913 760 2990; x_wconf 89' lang='lat' dir='ltr'><strong>biennium,</strong></span> <span class='ocrx_word' id='word_1_161' title='bbox 794 2915 828 2976; x_wconf 80' lang='lat' dir='ltr'><strong>in</strong></span> <span class='ocrx_word' id='word_1_162' title='bbox 848 2916 978 2980; x_wconf 80' lang='lat' dir='ltr'><strong>auribus</strong></span> <span class='ocrx_word' id='word_1_163' title='bbox 997 2916 1043 2980; x_wconf 89' lang='lat' dir='ltr'><strong>illi</strong></span> <span class='ocrx_word' id='word_1_164' title='bbox 1063 2916 1221 2985; x_wconf 73' lang='lat' dir='ltr'><strong>accubant</strong></span> 
     </span>
     <span class='ocr_line' id='line_1_22' title="bbox 176 3013 1222 3100; baseline 0.002 -20"><span class='ocrx_word' id='word_1_165' title='bbox 176 3026 228 3080; x_wconf 83' lang='lat' dir='ltr'><strong>tot</strong></span> <span class='ocrx_word' id='word_1_166' title='bbox 257 3017 425 3098; x_wconf 82' lang='lat' dir='ltr'><strong>Episcopi,</strong></span> <span class='ocrx_word' id='word_1_167' title='bbox 469 3013 532 3080; x_wconf 85' lang='lat' dir='ltr'><strong>nisi</strong></span> <span class='ocrx_word' id='word_1_168' title='bbox 559 3016 649 3099; x_wconf 86' lang='lat' dir='ltr'><strong>quod</strong></span> <span class='ocrx_word' id='word_1_169' title='bbox 675 3015 737 3079; x_wconf 87' lang='lat' dir='ltr'><strong>sibi</strong></span> <span class='ocrx_word' id='word_1_170' title='bbox 772 3029 936 3094; x_wconf 89' lang='lat' dir='ltr'><strong>metuunt,</strong></span> <span class='ocrx_word' id='word_1_171' title='bbox 968 3038 1096 3100; x_wconf 90' lang='lat' dir='ltr'><strong>suoque</strong></span> <span class='ocrx_word' id='word_1_172' title='bbox 1123 3018 1222 3082; x_wconf 83' lang='lat' dir='ltr'><strong>statui</strong></span> 
     </span>
     <span class='ocr_line' id='line_1_23' title="bbox 178 3117 1219 3199; baseline 0.001 -18"><span class='ocrx_word' id='word_1_173' title='bbox 178 3120 460 3183; x_wconf 84' lang='lat' dir='ltr'><strong>commutationem</strong></span> <span class='ocrx_word' id='word_1_174' title='bbox 478 3117 671 3199; x_wconf 77' lang='lat' dir='ltr'><strong>prevident,</strong></span> <span class='ocrx_word' id='word_1_175' title='bbox 694 3130 726 3180; x_wconf 91' lang='lat' dir='ltr'><strong>et</strong></span> <span class='ocrx_word' id='word_1_176' title='bbox 739 3130 942 3199; x_wconf 83' lang='lat' dir='ltr'><strong>cognoscunt</strong></span> <span class='ocrx_word' id='word_1_177' title='bbox 955 3141 990 3182; x_wconf 89' lang='lat' dir='ltr'><strong>se</strong></span> <span class='ocrx_word' id='word_1_178' title='bbox 1004 3118 1118 3198; x_wconf 81' lang='lat' dir='ltr'><strong>passim</strong></span> <span class='ocrx_word' id='word_1_179' title='bbox 1138 3118 1219 3182; x_wconf 89' lang='lat' dir='ltr'><strong>odio</strong></span> 
     </span>
     <span class='ocr_line' id='line_1_24' title="bbox 178 3219 1220 3303; baseline 0.003 -21"><span class='ocrx_word' id='word_1_180' title='bbox 178 3240 268 3297; x_wconf 86' lang='lat' dir='ltr'><strong>esso,</strong></span> <span class='ocrx_word' id='word_1_181' title='bbox 289 3240 350 3281; x_wconf 88' lang='lat' dir='ltr'><strong>nee</strong></span> <span class='ocrx_word' id='word_1_182' title='bbox 368 3219 447 3282; x_wconf 85' lang='lat' dir='ltr'><strong>ferri</strong></span> <span class='ocrx_word' id='word_1_183' title='bbox 466 3219 584 3282; x_wconf 89' lang='lat' dir='ltr'><strong>diutius</strong></span> <span class='ocrx_word' id='word_1_184' title='bbox 604 3220 725 3300; x_wconf 85' lang='lat' dir='ltr'><strong>posse?</strong></span> <span class='ocrx_word' id='word_1_185' title='bbox 745 3222 951 3302; x_wconf 86' lang='lat' dir='ltr'><strong>Quapropter</strong></span> <span class='ocrx_word' id='word_1_186' title='bbox 964 3241 1037 3282; x_wconf 91' lang='lat' dir='ltr'><strong>cum</strong></span> <span class='ocrx_word' id='word_1_187' title='bbox 1050 3219 1220 3303; x_wconf 83' lang='lat' dir='ltr'><strong>eligendus</strong></span> 
     </span>
     <span class='ocr_line' id='line_1_25' title="bbox 177 3318 1221 3402; baseline 0 -17"><span class='ocrx_word' id='word_1_188' title='bbox 177 3332 264 3392; x_wconf 77' lang='lat' dir='ltr'><strong>esset</strong></span> <span class='ocrx_word' id='word_1_189' title='bbox 283 3319 476 3402; x_wconf 85' lang='lat' dir='ltr'><strong>Imperator,</strong></span> <span class='ocrx_word' id='word_1_190' title='bbox 496 3320 633 3400; x_wconf 89' lang='lat' dir='ltr'><strong>primum</strong></span> <span class='ocrx_word' id='word_1_191' title='bbox 654 3318 746 3386; x_wconf 82' lang='lat' dir='ltr'><strong>vaide</strong></span> <span class='ocrx_word' id='word_1_192' title='bbox 767 3332 899 3384; x_wconf 82' lang='lat' dir='ltr'><strong>conatus</strong></span> <span class='ocrx_word' id='word_1_193' title='bbox 920 3331 968 3382; x_wconf 87' lang='lat' dir='ltr'><strong>est</strong></span> <span class='ocrx_word' id='word_1_194' title='bbox 987 3321 1061 3389; x_wconf 89' lang='lat' dir='ltr'><strong>Leo</strong></span> <span class='ocrx_word' id='word_1_195' title='bbox 1077 3323 1141 3398; x_wconf 86' lang='lat' dir='ltr'><strong>X.,</strong></span> <span class='ocrx_word' id='word_1_196' title='bbox 1160 3322 1221 3385; x_wconf 86' lang='lat' dir='ltr'><strong>im·</strong></span> 
     </span>
     <span class='ocr_line' id='line_1_26' title="bbox 178 3419 1221 3508; baseline 0 -22"><span class='ocrx_word' id='word_1_197' title='bbox 178 3422 292 3508; x_wconf 80' lang='lat' dir='ltr'><strong>pedire</strong></span> <span class='ocrx_word' id='word_1_198' title='bbox 323 3424 424 3498; x_wconf 92' lang='lat' dir='ltr'><strong>hune,</strong></span> <span class='ocrx_word' id='word_1_199' title='bbox 463 3432 611 3502; x_wconf 84' lang='lat' dir='ltr'><strong>suspecta</strong></span> <span class='ocrx_word' id='word_1_200' title='bbox 640 3419 711 3502; x_wconf 84' lang='lat' dir='ltr'><strong>ejus</strong></span> <span class='ocrx_word' id='word_1_201' title='bbox 728 3423 855 3506; x_wconf 81' lang='lat' dir='ltr'><strong>procul</strong></span> <span class='ocrx_word' id='word_1_202' title='bbox 888 3420 989 3484; x_wconf 88' lang='lat' dir='ltr'><strong>dubio</strong></span> <span class='ocrx_word' id='word_1_203' title='bbox 1023 3422 1152 3500; x_wconf 93' lang='lat' dir='ltr'><strong>indole,</strong></span> <span class='ocrx_word' id='word_1_204' title='bbox 1186 3434 1221 3491; x_wconf 85' lang='lat' dir='ltr'><strong>et</strong></span> 
     </span>
     <span class='ocr_line' id='line_1_27' title="bbox 177 3521 1217 3610; baseline 0 -23"><span class='ocrx_word' id='word_1_205' title='bbox 177 3523 322 3610; x_wconf 79' lang='lat' dir='ltr'><strong>potentia</strong></span> <span class='ocrx_word' id='word_1_206' title='bbox 342 3523 575 3598; x_wconf 79' lang='lat' dir='ltr'><strong>animadversa,</strong></span> <span class='ocrx_word' id='word_1_207' title='bbox 598 3522 715 3586; x_wconf 89' lang='lat' dir='ltr'><strong>deinde</strong></span> <span class='ocrx_word' id='word_1_208' title='bbox 729 3523 785 3585; x_wconf 91' lang='lat' dir='ltr'><strong>uhi</strong></span> <span class='ocrx_word' id='word_1_209' title='bbox 798 3545 832 3587; x_wconf 89' lang='lat' dir='ltr'><strong>se</strong></span> <span class='ocrx_word' id='word_1_210' title='bbox 849 3521 951 3584; x_wconf 87' lang='lat' dir='ltr'><strong>invito</strong></span> <span class='ocrx_word' id='word_1_211' title='bbox 968 3524 1105 3587; x_wconf 90' lang='lat' dir='ltr'><strong>electum</strong></span> <span class='ocrx_word' id='word_1_212' title='bbox 1123 3523 1217 3601; x_wconf 89' lang='lat' dir='ltr'><strong>vidit,</strong></span> 
     </span>
     <span class='ocr_line' id='line_1_28' title="bbox 178 3622 1221 3704; baseline -0.004 -15"><span class='ocrx_word' id='word_1_213' title='bbox 178 3628 221 3690; x_wconf 83' lang='lat' dir='ltr'><strong>ed</strong></span> <span class='ocrx_word' id='word_1_214' title='bbox 240 3627 316 3690; x_wconf 77' lang='lat' dir='ltr'><strong>alins</strong></span> <span class='ocrx_word' id='word_1_215' title='bbox 337 3627 489 3688; x_wconf 86' lang='lat' dir='ltr'><strong>continuo</strong></span> <span class='ocrx_word' id='word_1_216' title='bbox 521 3640 602 3688; x_wconf 80' lang='lat' dir='ltr'><strong>unes</strong></span> <span class='ocrx_word' id='word_1_217' title='bbox 624 3624 782 3688; x_wconf 84' lang='lat' dir='ltr'><strong>convertit</strong></span> <span class='ocrx_word' id='word_1_218' title='bbox 805 3622 962 3700; x_wconf 85' lang='lat' dir='ltr'><strong>animum,</strong></span> <span class='ocrx_word' id='word_1_219' title='bbox 996 3645 1113 3704; x_wconf 87' lang='lat' dir='ltr'><strong>nempe</strong></span> <span class='ocrx_word' id='word_1_220' title='bbox 1133 3647 1221 3693; x_wconf 83' lang='lat' dir='ltr'><strong>sum·</strong></span> 
     </span>
     <span class='ocr_line' id='line_1_29' title="bbox 180 3724 1222 3810; baseline -0.003 -17"><span class='ocrx_word' id='word_1_221' title='bbox 180 3727 284 3793; x_wconf 83' lang='lat' dir='ltr'><strong>missis</strong></span> <span class='ocrx_word' id='word_1_222' title='bbox 304 3727 367 3803; x_wconf 83' lang='lat' dir='ltr'><strong>his,</strong></span> <span class='ocrx_word' id='word_1_223' title='bbox 390 3726 465 3810; x_wconf 85' lang='lat' dir='ltr'><strong>qui,</strong></span> <span class='ocrx_word' id='word_1_224' title='bbox 494 3727 582 3810; x_wconf 91' lang='lat' dir='ltr'><strong>quod</strong></span> <span class='ocrx_word' id='word_1_225' title='bbox 600 3726 739 3802; x_wconf 84' lang='lat' dir='ltr'><strong>fuciunt,</strong></span> <span class='ocrx_word' id='word_1_226' title='bbox 772 3724 954 3807; x_wconf 82' lang='lat' dir='ltr'><strong>perniciose</strong></span> <span class='ocrx_word' id='word_1_227' title='bbox 973 3725 1164 3802; x_wconf 77' lang='lat' dir='ltr'><strong>suaderent,</strong></span> <span class='ocrx_word' id='word_1_228' title='bbox 1184 3738 1222 3790; x_wconf 85' lang='lat' dir='ltr'><strong>ut</strong></span> 
     </span>
     <span class='ocr_line' id='line_1_30' title="bbox 181 3823 1223 3913; baseline 0 -23"><span class='ocrx_word' id='word_1_229' title='bbox 181 3849 280 3913; x_wconf 88' lang='lat' dir='ltr'><strong>quem</strong></span> <span class='ocrx_word' id='word_1_230' title='bbox 307 3827 484 3910; x_wconf 80' lang='lat' dir='ltr'><strong>prevenire</strong></span> <span class='ocrx_word' id='word_1_231' title='bbox 513 3848 581 3890; x_wconf 93' lang='lat' dir='ltr'><strong>non</strong></span> <span class='ocrx_word' id='word_1_232' title='bbox 610 3826 767 3908; x_wconf 84' lang='lat' dir='ltr'><strong>potuisset</strong></span> <span class='ocrx_word' id='word_1_233' title='bbox 794 3837 941 3903; x_wconf 89' lang='lat' dir='ltr'><strong>euntem,</strong></span> <span class='ocrx_word' id='word_1_234' title='bbox 975 3823 1006 3886; x_wconf 91' lang='lat' dir='ltr'><strong>ei</strong></span> <span class='ocrx_word' id='word_1_235' title='bbox 1033 3825 1223 3890; x_wconf 86' lang='lat' dir='ltr'><strong>consistenti</strong></span> 
     </span>
     <span class='ocr_line' id='line_1_31' title="bbox 179 3927 1222 4021; baseline 0.005 -31"><span class='ocrx_word' id='word_1_236' title='bbox 179 3928 245 4008; x_wconf 77' lang='lat' dir='ltr'><strong>jum</strong></span> <span class='ocrx_word' id='word_1_237' title='bbox 270 3928 427 4021; x_wconf 83' lang='lat' dir='ltr'><strong>incauto,</strong></span> <span class='ocrx_word' id='word_1_238' title='bbox 440 3940 472 3990; x_wconf 84' lang='lat' dir='ltr'><strong>et</strong></span> <span class='ocrx_word' id='word_1_239' title='bbox 494 3927 669 4010; x_wconf 88' lang='lat' dir='ltr'><strong>improviso</strong></span> <span class='ocrx_word' id='word_1_240' title='bbox 689 3931 806 3992; x_wconf 81' lang='lat' dir='ltr'><strong>malum</strong></span> <span class='ocrx_word' id='word_1_241' title='bbox 826 3928 935 4005; x_wconf 82' lang='lat' dir='ltr'><strong>daret,</strong></span> <span class='ocrx_word' id='word_1_242' title='bbox 957 3948 994 3990; x_wconf 79' lang='lat' dir='ltr'><strong>uc</strong></span> <span class='ocrx_word' id='word_1_243' title='bbox 1008 3928 1222 4014; x_wconf 82' lang='lat' dir='ltr'><strong>perspeeiem</strong></span> 
     </span>
    </p>
   </div>
   <div class='ocr_carea' id='block_1_3' title="bbox 179 4030 781 4121">
    <p class='ocr_par' dir='ltr' id='par_1_4' title="bbox 179 4030 781 4121">
     <span class='ocr_line' id='line_1_32' title="bbox 179 4030 781 4121; baseline 0.012 -27"><span class='ocrx_word' id='word_1_244' title='bbox 179 4030 320 4103; x_wconf 69' lang='lat' dir='ltr'><strong>suicide</strong></span> <span class='ocrx_word' id='word_1_245' title='bbox 339 4030 556 4120; x_wconf 85' lang='lat' dir='ltr'><strong>inopinantem</strong></span> <span class='ocrx_word' id='word_1_246' title='bbox 576 4031 781 4121; x_wconf 73' lang='lat' dir='ltr'><strong>opprimeret·</strong></span> 
     </span>
    </p>
   </div>
   <div class='ocr_carea' id='block_1_4' title="bbox 181 4233 1223 4525">
    <p class='ocr_par' dir='ltr' id='par_1_5' title="bbox 181 4233 1223 4525">
     <span class='ocr_line' id='line_1_33' title="bbox 602 4233 799 4298; baseline 0 -1"><span class='ocrx_word' id='word_1_247' title='bbox 602 4233 799 4298; x_wconf 85' lang='lat' dir='ltr'><strong>Munitor.</strong></span> 
     </span>
     <span class='ocr_line' id='line_1_34' title="bbox 262 4333 1223 4412; baseline -0.002 -13"><span class='ocrx_word' id='word_1_248' title='bbox 262 4336 339 4399; x_wconf 88' lang='lat' dir='ltr'><strong>Non</strong></span> <span class='ocrx_word' id='word_1_249' title='bbox 355 4358 406 4399; x_wconf 91' lang='lat' dir='ltr'><strong>me</strong></span> <span class='ocrx_word' id='word_1_250' title='bbox 420 4335 472 4399; x_wconf 91' lang='lat' dir='ltr'><strong>ille</strong></span> <span class='ocrx_word' id='word_1_251' title='bbox 492 4347 600 4402; x_wconf 86' lang='lat' dir='ltr'><strong>servet</strong></span> <span class='ocrx_word' id='word_1_252' title='bbox 614 4334 776 4412; x_wconf 85' lang='lat' dir='ltr'><strong>Christus,</strong></span> <span class='ocrx_word' id='word_1_253' title='bbox 797 4333 824 4401; x_wconf 88' lang='lat' dir='ltr'><strong>si</strong></span> <span class='ocrx_word' id='word_1_254' title='bbox 837 4353 904 4397; x_wconf 88' lang='lat' dir='ltr'><strong>non</strong></span> <span class='ocrx_word' id='word_1_255' title='bbox 921 4333 1048 4398; x_wconf 87' lang='lat' dir='ltr'><strong>videtur</strong></span> <span class='ocrx_word' id='word_1_256' title='bbox 1062 4335 1223 4411; x_wconf 85' lang='lat' dir='ltr'><strong>essehoc,</strong></span> 
     </span>
     <span class='ocr_line' id='line_1_35' title="bbox 181 4436 534 4525; baseline 0.011 -21"><span class='ocrx_word' id='word_1_257' title='bbox 181 4437 272 4525; x_wconf 87' lang='lat' dir='ltr'><strong>quod</strong></span> <span class='ocrx_word' id='word_1_258' title='bbox 292 4436 344 4508; x_wconf 84' lang='lat' dir='ltr'><strong>isti</strong></span> <span class='ocrx_word' id='word_1_259' title='bbox 362 4441 534 4507; x_wconf 76' lang='lat' dir='ltr'><strong>conantur!</strong></span> 
     </span>
    </p>
   </div>
   <div class='ocr_carea' id='block_1_5' title="bbox 0 0 1316 5108">
    <p class='ocr_par' dir='ltr' id='par_1_6' title="bbox 0 0 1316 5108">
     <span class='ocr_line' id='line_1_36' title="bbox 0 0 1316 5108; baseline 0 0"><span class='ocrx_word' id='word_1_260' title='bbox 0 0 1316 5108; x_wconf 95' lang='lat' dir='ltr'><strong> </strong></span> 
     </span>
    </p>
   </div>
  </div>
 </body>
</html>
