2618 5108
400 768 605 881 Praedones
657 800 856 904 Dialogua.
886 828 888 833 ·
1070 804 1138 881 tea

107 1005 237 1071 verant,
272 1015 338 1057 non
371 994 528 1071 imitatur,
564 1012 601 1057 ac
631 995 724 1058 vaide
752 997 831 1060 iatoa
868 997 1008 1063 detestor
1036 1000 1136 1085 vulgo

106 1095 251 1170 nobiles,
281 1117 421 1180 quorum
447 1106 538 1158 vetus
569 1105 617 1157 est
643 1095 808 1178 prosapia,
837 1093 894 1161 aed
920 1119 1034 1163 recem
1060 1101 1138 1181 vita,

107 1195 164 1280 qui
180 1198 349 1259 muitarum
364 1208 437 1259 sunt
451 1196 646 1276 imaginum,
666 1197 723 1258 sed
738 1197 854 1261 nullius
865 1197 1025 1279 stipendii.
1053 1203 1140 1268 'l'um

106 1295 205 1372 scias,
236 1296 337 1380 siquis
358 1296 535 1377 reperiatur
562 1296 595 1359 in
616 1309 723 1360 nostra
741 1297 872 1373 familia,
901 1300 958 1383 qui
977 1301 1015 1364 ad
1035 1322 1138 1384 genua

107 1399 169 1461 hoo
196 1397 355 1480 originem
380 1418 469 1460 suam
497 1398 633 1474 reserat,
660 1398 725 1459 vita
751 1420 831 1463 vcro
850 1399 974 1469 infimae
994 1423 1141 1487 quasque

110 1500 220 1562 sordes
251 1498 424 1579 exprimat,
456 1518 531 1561 eum
550 1521 617 1560 non
637 1498 818 1562 habiturum
833 1521 895 1582 pro
916 1514 1055 1584 cognato
1075 1523 1138 1582 me,

109 1610 161 1661 aut
180 1598 309 1679 gentiii,
329 1599 421 1660 etiam
440 1620 506 1660 non
528 1620 588 1679 pro
611 1598 729 1677 nobili,
761 1621 866 1687 neque
886 1601 1034 1667 futurum
1052 1623 1140 1668 eom·

108 1722 205 1764 mune
226 1701 268 1763 ilii
287 1719 411 1761 mecum
433 1699 552 1784 aliquid
571 1720 723 1782 unquam.

519 1815 740 1884 Mercator.

185 1921 317 2001 Quantae
355 1913 443 1999 frugi
479 1915 575 1993 iacis,
614 1916 670 2001 qui
702 1928 750 1981 tot
777 1915 954 2000 diripuisti,
984 1919 1142 2004 quosdam

108 2019 255 2097 occidisti
272 2019 381 2097 ctiam,
401 2017 520 2084 frivola
531 2019 570 2082 de
584 2038 695 2095 causa,
716 2030 832 2083 etcum
846 2020 975 2083 deceret
988 2019 1143 2111 minime?

496 2135 757 2200 Franciscus.
1105 2196 1108 2203 .

185 2236 250 2301 Ubi
267 2224 462 2320 iniquiorem
478 2235 580 2297 habeo
601 2235 739 2317 judicem
758 2248 790 2299 ta
800 2283 809 2314 ,
831 2260 925 2321 quam
940 2258 1001 2318 pro
1018 2236 1142 2300 merito.

108 2339 174 2405 Sed
205 2339 340 2401 libenter
367 2349 489 2417 patior,
520 2339 600 2400 hanc
633 2338 706 2401 mihi
736 2338 807 2402 fieri
833 2339 889 2401 abs
920 2350 952 2401 tc
981 2336 1143 2419 injuriam,

107 2439 247 2503 durnin
280 2439 500 2501 communibus
542 2439 739 2520 redarguam.
793 2440 909 2522 Neque
935 2449 971 2501 tu
1002 2459 1145 2524 unquam
1200 2509 1206 2523 ‚

107 2541 244 2624 effugies
263 2540 376 2615 hodie,
408 2539 485 2623 quin
506 2540 712 2613 convincare,
735 2551 903 2623 postquam
922 2541 1019 2601 semel
1038 2539 1143 2604 fassus

109 2665 162 2720 es,
196 2664 238 2704 ex
257 2643 374 2704 virtute
395 2641 591 2703 nobilitatem
617 2640 822 2703 descendere.
868 2642 971 2722 Quam
999 2640 1043 2702 ob
1062 2662 1143 2719 rem,

106 2745 198 2808 liceat
218 2743 300 2806 scire
321 2762 364 2804 ex
389 2753 439 2817 te,
465 2762 560 2825 quam
578 2752 726 2804 ebanem
744 2759 816 2803 esse
845 2761 973 2819 censes,
1006 2760 1049 2802 ex
1080 2761 1145 2827 qua

106 2842 309 2928 potissimum
328 2841 476 2904 nobilitas
496 2838 680 2921 contingat?

509 2958 729 3021 Mercator.

176 3070 332 3127 Bellicam
349 3060 451 3140 ajunt.

500 3172 752 3239 Francircua.

185 3277 423 3343 Fortitudinem
446 3273 581 3338 censes?

515 3390 745 3454 Mercator.

184 3495 300 3581 ipram.

501 3591 756 3657 Franciscua.

184 3698 290 3764 Etiam
319 3698 383 3761 hoc
410 3694 507 3758 sentis
526 3713 670 3769 mecum,
703 3689 860 3754 fortitudo
879 3708 961 3753 vero
982 3708 1053 3773 quar
1073 3682 1146 3752 ert?

522 3812 744 3875 Mercator.

183 3916 313 3992 Vrtur,
333 3912 508 3995 (existimo)
528 3933 673 3992 pugnans
695 3931 756 3991 pro
776 3905 933 3993 equitate.
1020 3964 1023 3970 ,

495 4028 523 4090 F
530 4028 752 4091 rauciacus.

184 4133 237 4197 Sic
252 4144 302 4195 est
315 4130 473 4214 profecto.
504 4131 619 4211 Neque
635 4149 778 4211 unquam
792 4146 858 4189 non
874 4122 1041 4187 sanissimae
1057 4140 1146 4184 ruer.-
1201 4173 1206 4181 ,

107 4235 148 4300 tir
167 4233 336 4317 judicabo,
367 4233 413 4297 sic
432 4243 588 4305 statuere,
620 4240 764 4292 naturam
796 4227 926 4311 quidem
948 4245 1042 4287 unam
1062 4243 1143 4293 esse.

105 4347 142 4400 at
159 4355 362 4400 communem
382 4331 542 4409 amnium,
562 4332 621 4396 aed
634 4330 844 4396 fortissimum
863 4346 1026 4412 quemque
1045 4343 1144 4406 geue·

105 4457 316 4503 manaturum.
