2618 5108
827 44 833 61 d

279 280 448 299 ..ω-,ιπ-

277 432 280 448 Ι

409 811 645 887 Praedones*
662 813 849 918 Dialogus.
1068 825 1138 898 tos

101 1020 193 1076 rere,
235 1023 411 1085 agnoscere
448 1003 636 1075 derelictos,
667 1005 776 1071 ulcisci
812 1009 922 1094 iniqua
951 1032 1134 1094 perpessos,

97 1101 252 1164 resistere
281 1103 449 1185 improbis,
467 1105 508 1167 ab
531 1105 713 1173 innocentia
733 1113 921 1192 propulsare
946 1113 1028 1189 vim,
1049 1115 1134 1178 tueri

99 1200 213 1265 viduas
242 1217 274 1266 et
294 1206 467 1287 orphanos,
488 1216 523 1270 ut
542 1218 574 1269 te
596 1209 777 1273 convictum
804 1212 898 1276 toties
921 1211 985 1293 jam
1012 1234 1133 1298 negare

98 1303 186 1366 baud
207 1303 324 1385 possis.

508 1443 725 1508 Mercator.

176 1540 294 1623 Neque
320 1542 412 1604 vaide
440 1565 540 1623 nego,
573 1557 605 1606 et
625 1548 753 1628 posthac
778 1545 944 1627 probabo,
972 1546 1031 1608 bac
1057 1547 1130 1630 lege

98 1638 218 1702 bellum
241 1651 273 1704 et
294 1641 435 1707 indicere
454 1665 513 1707 voe
536 1645 652 1722 libere,
672 1656 704 1710 ct
723 1665 837 1730 gerere
861 1645 1001 1711 fortiter.

411 1853 415 1863 „
485 1777 738 1842 Franciscus.

177 1874 253 1952 Quo
274 1872 375 1953 magis
399 1864 601 1957 eogn'b'sem
629 1877 771 1962 iniquum
788 1899 859 1943 esse
882 1890 973 1943 tuum
991 1882 1032 1944 de
1051 1882 1131 1945 meis

96 1971 198 2035 rebus
228 1971 401 2054 judicium,
443 1976 470 2037 si
503 1975 629 2053 audias,
667 1977 784 2061 quibus
804 1979 940 2042 testibus
973 1980 1130 2046 bellorum
1235 1977 1239 1995 '

96 2094 246 2137 meorum
269 2096 379 2138 causas
403 2075 541 2158 probare
560 2076 663 2140 sciam.

509 2217 726 2280 Mercator.

59 2354 62 2360 -
177 2313 223 2376 Ut
246 2313 346 2392 scias,
374 2326 471 2400 atque
495 2318 556 2379 hoc
579 2321 669 2381 etiam
690 2317 878 2393 convincar,
906 2327 1012 2379 tamen
1037 2313 1131 2379 Prin·

98 2413 225 2496 cipibus
255 2416 386 2479 subesse
420 2439 479 2480 vos
505 2418 613 2494 dccet,
651 2429 683 2482 et
710 2440 818 2481 rerum
847 2418 1063 2501 gubernacula
1089 2413 1132 2480 iic

101 2515 300 2592 concedere,
325 2539 432 2601 neque
455 2519 581 2600 penitus
599 2519 642 2582 ita
656 2519 856 2582 contundere
879 2515 995 2582 omnia.

476 2657 738 2721 Franciseus.

176 2757 294 2841 Neque
305 2755 437 2820 subesse
450 2760 523 2821 loco
535 2759 595 2822 illis
610 2759 833 2842 dedignamur,
849 2770 883 2819 et
895 2757 1017 2820 servire
1033 2755 1131 2818 etiam

100 2855 272 2920 liberaliter
301 2879 487 2938 possumus,
516 2871 552 2922 ut
584 2859 695 2935 liberi,
728 2871 805 2922 tunc
832 2869 927 2941 puta,
967 2876 1041 2920 eum
1070 2876 1131 2919 nos

100 2957 258 3042 aliquibus
278 2960 362 3022 ultro
384 2959 631 3025 devinxerimus.
660 2963 740 3023 Nam
760 2959 999 3042 alioquiunum
1017 2978 1135 3040 agnos·

98 3058 200 3122 cimus
220 3060 385 3123 dominnm
400 3097 432 3109 -
457 3072 629 3141 Caesorem,
657 3083 796 3145 eumque
816 3080 968 3122 vocamus
986 3058 1152 3140 Liberta-⁴

99 3160 141 3224 tis
161 3159 294 3242 publicae
314 3173 590 3240 conservatorem,
622 3163 664 3225 ob
684 3162 734 3240 id,
768 3162 858 3246 quod
877 3159 905 3225 si
924 3160 951 3224 ie
970 3179 1029 3242 per
1048 3159 1135 3238 inju-

97 3263 178 3326 riam
200 3283 259 3324 nos
281 3262 457 3344 opprimat,
478 3280 532 3327 aut
553 3274 776 3347 contraquam
795 3283 920 3346 aequum
940 3273 1005 3339 est,
1027 3270 1132 3344 cogat,

97 3385 253 3447 negemus
273 3364 449 3444 parendum
469 3375 501 3427 et
519 3364 589 3445 ipsi.
626 3368 735 3450 Atque
755 3366 798 3441 is,
827 3362 854 3427 si
875 3363 1072 3444 perconteris
1093 3360 1133 3423 ab

59 3539 67 3556 ·
97 3488 140 3531 eo
161 3486 265 3543 nunc,
297 3467 387 3550 quod
407 3465 547 3530 officium
571 3465 741 3542 sustineat,
772 3486 840 3528 non
859 3463 957 3525 licere
977 3461 1133 3539 injustum

99 3567 263 3652 quidpiam
276 3567 432 3645 imperare
446 3567 525 3644 sibi,
545 3579 599 3629 aut
618 3567 791 3647 probibere
810 3562 950 3646 justum,
969 3560 1133 3626 fatebitur.

100 3669 207 3730 Tanto
220 3668 324 3732 minus
340 3667 482 3752 reliquos
501 3690 560 3750 per
573 3668 773 3732 Germaniam
787 3663 972 3746 Principes,
994 3682 1134 3747 quorum

99 3767 135 3831 in
152 3790 229 3834 suos
252 3770 390 3854 quisque
410 3772 578 3851 imperium
596 3770 690 3833 habet
720 3771 906 3843 honestum,
940 3775 972 3827 et
991 3762 1132 3841 liberale,

97 3869 134 3937 id
150 3893 248 3957 posse
268 3873 466 3965 censendum
483 3884 542 3937 est.

501 4013 721 4076 Mercator.

175 4111 323 4194 Censeo,
343 4136 410 4178 non
429 4137 536 4198 posse.

503 4245 727 4306 Huttenus.‘

174 4337 284 4424 Atque
321 4363 384 4424 ego
418 4342 527 4426 flagris
561 4363 701 4416 censeo,
740 4340 821 4402 hane
850 4334 894 4397 ob
923 4353 1066 4406 causam,
1100 4341 1133 4392 te

93 4439 381 4506 conscindendum.
