2618 5108
316 311 320 320 Ι
366 113 790 314 ’-ν’-ο·
833 274 850 284 ν

427 811 632 888 Praedones
680 812 868 915 Dialogus.
1100 820 1164 895 1⁶1

137 1005 333 1069 contundam
362 1008 434 1070 utar
462 1008 598 1088 primum
626 1009 719 1072 maias
750 1008 822 1085 tibi,
862 1024 958 1094 atque
984 1031 1020 1074 os
1056 1025 1169 1094 totum,

137 1108 254 1173 deinde
275 1107 433 1172 excutiam
453 1109 580 1186 dentes,
612 1130 683 1171 ‚uno
704 1130 814 1172 omnes
833 1112 965 1184 ordine,
990 1134 1171 1193 pugnorum

136 1208 259 1290 impetu
279 1229 441 1283 meorum3
478 1221 550 1291 post
569 1211 664 1272 latera
684 1212 836 1292 pulsabo,
869 1222 1028 1277 costarum
1053 1236 1169 1298 magno

106 1332 111 1340 ·
138 1332 212 1374 cum
233 1312 382 1394 fragore,
416 1312 522 1373 donec
541 1312 674 1374 delectis
695 1311 815 1375 viribus
843 1315 1049 1392 provolutum
1068 1314 1118 1377 hic
1136 1314 1171 1380 in

140 1414 207 1476 luto
227 1412 409 1495 relinquam
422 1412 679 1490 semimortuum,
699 1424 900 1499 excaecantem
916 1414 1032 1483 solidas
1052 1416 1172 1500 piperis

144 1513 256 1591 librae,
278 1524 311 1576 et
330 1511 419 1576 croci
439 1513 640 1576 semunciam.

535 1631 794 1693 Franciscus.

218 1729 290 1792 Vos
312 1727 364 1791 hic
383 1741 480 1807 state,
508 1742 561 1794 aul
580 1752 776 1815 quoeunque
797 1727 896 1804 abilc3
928 1731 1092 1797 adeundus
1111 1734 1173 1798 iste

139 1829 218 1893 mihi
246 1831 408 1895 Hutlenus
435 1843 500 1908 est,
532 1843 565 1893 et
594 1833 859 1906 commovendus,
887 1851 948 1907 ne,
986 1834 1075 1917 quod
1103 1833 1175 1898 lieri

139 1930 260 2008 video,
292 1943 460 2012 superatus
481 1932 642 1995 iracundia
662 1933 832 2016 quicquam
859 1933 997 1996 admittat
1018 1955 1053 1997 se
1072 1935 1175 2018 indig-

141 2053 230 2095 num.
271 2031 318 2095 Ita
337 2033 443 2096 servet
461 2034 585 2108 animo,
617 2032 771 2117 quicquid
790 2045 854 2109 est,
889 2034 979 2117 quod
998 2036 1098 2096 movit
1116 2039 1175 2098 ho·

139 2132 271 2197 minem.
321 2134 408 2213 Quid
438 2145 474 2196 lu
493 2133 537 2196 mi
556 2135 720 2196 Huttene?
753 2138 889 2196 'l'antum
919 2132 971 2197 irae
999 2135 1107 2212 dabis,
1138 2150 1175 2199 ut

138 2233 258 2298 rationi
277 2235 383 2297 locum
405 2256 475 2297 esse
494 2256 560 2296 non
579 2234 681 2311 sinas,
703 2247 735 2297 et
753 2234 878 2299 decoris
898 2234 945 2299 tui
967 2234 1173 2315 obliviscaris,

141 2354 251 2421 neque
272 2334 377 2399 virann
398 2357 468 2400 esse
489 2345 520 2400 te
540 2336 745 2398 memineris?

551 2453 770 2515 Hactenus.

218 2553 293 2615 Non
313 2554 504 2629 meminero,
531 2555 664 2635 hospes,
694 2553 722 2616 si
751 2556 835 2616 hunc
867 2554 967 2616 leram
993 2553 1111 2619 diutius
1138 2573 1177 2618 ee

142 2652 346 2737 loquentem,
368 2675 438 2738 quae
452 2676 566 2731 nemo,
587 2654 644 2738 qui
657 2654 786 2739 quidem
799 2654 848 2716 vir
860 2655 917 2732 sit,
936 2653 1023 2718 serre
1036 2678 1177 2741 unquam

142 2753 268 2818 debeat.

534 2831 790 2895 Franciscus.

218 2930 322 3013 Quale
341 2932 404 2993 hoc
423 2932 491 2995 est?
511 2944 564 2994 aut
585 2931 643 2994 istc
666 2933 721 3017 qui
742 2933 906 2996 homo?
881 2955 908 2996 sr
933 2931 1019 2996 forte
1040 2951 1178 3013 cognos-

139 3042 263 3095 enarre
282 3053 350 3095 non
369 3031 488 3112 injuria
516 3045 677 3097 commoto
708 3055 779 3098 esse
808 3037 932 3111 animo,
960 3053 1067 3118 neque
1088 3032 1178 3094 inde-

65 3116 252 3335 W.»
241 3132 347 3199 unci.
613 3193 614 3197 ,

102 3338 118 3345 ..
547 3254 760 3316 Hutlenus.

74 3354 143 3419 'ld'
219 3348 320 3416 cerae
341 3372 532 3466 cognosces.
571 3353 633 3415 Hic
661 3355 826 3416 Mercator
857 3364 924 3429 est,
955 3362 1179 3434 Fuqqerorum

139 3422 301 3528 niniam,
328 3453 401 3537 quia
422 3464 527 3516 aulem
546 3476 651 3517 sermo
666 3455 820 3519 inciderat
839 3454 951 3529 nobis,
971 3451 1053 3514 dc''
1034 3472 1088 3525 us,
1110 3471 1180 3532 quae

70 3606 79 3621 .
140 3551 177 3617 in
206 3554 270 3617 hoc
301 3553 439 3615 coneilio
476 3565 562 3631 acta,
604 3556 731 3619 decreta
762 3566 793 3617 et
822 3553 925 3615 edicta
964 3563 1053 3624 sunt,
1084 3559 1180 3631 atque

140 3650 226 3717 inter
246 3664 354 3717 cetera
374 3655 533 3739 quispiam
552 3658 671 3732 attulit,
694 3655 815 3738 jurasse
837 3662 1005 3730 carolum,
1029 3648 1179 3712 inhibitu-

143 3774 216 3819 rum
232 3756 442 3837 grassationes
463 3779 516 3832 se,
544 3770 576 3820 et
597 3769 780 3841 paraturum
802 3753 1018 3827 Germaniam,
1048 3773 1085 3813 ac
1104 3748 1179 3810 suh·

145 3864 305 3919 noenum
334 3876 445 3921 omnes
476 3879 542 3919 uno
569 3859 689 3940 impetu
718 3857 900 3939 praedoues,
932 3853 1033 3917 statim
1061 3851 1181 3931 incepit

144 3966 258 4019 nostro
278 3956 385 4018 ordini
405 3958 606 4032 maledicere,
631 3981 666 4021 ac
686 3958 851 4040 praedones
868 3955 1043 4018 Germaniae
1063 3972 1180 4014 vocare

146 4066 284 4143 Equites
304 4067 498 4139 Germanos,
516 4059 676 4123 victurum
697 4079 731 4118 se
752 4078 848 4132 vero,
869 4077 972 4118 eume
987 4052 1093 4116 medio
1106 4053 1181 4115 sub-

141 4161 224 4223 latus
244 4157 343 4222 fuerit
369 4171 519 4243 equester
546 4163 627 4224 ordo
647 4173 744 4223 totus.
794 4160 879 4239 Quin
909 4157 1003 4219 etiam
1030 4178 1081 4220 res
1111 4167 1180 4218 ruas

142 4272 251 4345 gestas
270 4282 393 4323 merum
413 4272 508 4323 vocar
529 4263 745 4338 latrocinium,
776 4273 871 4345 atque
891 4282 933 4322 eo
955 4259 1019 4341 jam
1039 4261 1182 4340 petulan-

109 4361 193 4427 .tiao
220 4361 373 4438 effertur,
402 4373 438 4422 ut
460 4383 567 4446 neque
593 4365 717 4428 amalis
739 4364 896 4426 discernat
922 4361 1043 4435 bonos,
1075 4380 1182 4441 nequo

142 4480 199 4528 sut
225 4484 352 4538 rerum,
373 4474 427 4525 aut
445 4464 609 4527 hominum
629 4465 784 4529 rationem
803 4466 896 4526 ullam
909 4463 1037 4527 ‘habena

191 4583 259 4630 aare
272 4582 319 4640 op.
336 4582 363 4628 r.
376 4582 417 4628 ιν.
798 4570 836 4632 11
