2588 5048
205 728 277 805 tto
423 743 425 746 ’
542 734 702 837 Spougla
723 734 868 812 Erasini

205 921 285 985 Nam
306 919 504 991 immodicam
523 927 603 992 illam
629 927 804 991 libertatern
822 927 1038 991 condonabam
1058 924 1163 1002 suti,
1188 944 1228 989 ae

202 1023 354 1104 temporis
382 1049 555 1110 progressu
582 1041 760 1093 correctum
786 1028 827 1091 iri
852 1029 1025 1110 sperabam.
1061 1027 1229 1089 Videbam

201 1120 236 1186 in
250 1122 319 1204 ejus
333 1126 456 1207 scriptis
467 1132 614 1212 amplam,
630 1129 834 1212 splendidam,
850 1150 887 1191 ac
899 1141 1035 1210 paratam
1046 1127 1227 1190 verborum

201 1228 466 1305 suppellectilem
489 1242 605 1293 natura
620 1231 711 1308 satis3
731 1230 901 1306 rationem,
925 1229 1077 1311 judicium
1096 1239 1129 1289 et
1146 1248 1228 1289 coa·

203 1324 305 1388 silium
321 1329 485 1407 sperabam
500 1343 603 1408 aetate,
623 1355 700 1410 usu,
722 1331 893 1414 studioque
906 1351 1078 1393 accessura.
1108 1329 1184 1392 Jam
1199 1327 1228 1392 si

202 1425 272 1508 quis
290 1429 485 1509 consideret,
506 1453 571 1515 quo
591 1431 622 1494 in
640 1444 721 1495 statu
737 1453 786 1495 res
810 1454 886 1494 mcae
905 1442 971 1493 tum
989 1431 1109 1492 scierint
1127 1441 1228 1512 atque

201 1525 392 1591 etiamnunc
409 1529 487 1608 sint,
508 1553 573 1615 quo
593 1534 664 1595 loeo
684 1555 735 1598 res
754 1533 898 1608 Huttcui,
918 1532 1063 1594 nimirum
1083 1532 1229 1611 pruden-

200 1625 273 1689 tiam
292 1627 442 1707 judicabit
462 1633 625 1712 deprecari
641 1636 849 1718 colloquium,
872 1633 960 1717 quod
976 1630 1063 1694 alteri
1084 1632 1123 1694 sit
1143 1631 1229 1692 otio·

199 1749 289 1803 sum,
319 1731 406 1793 alteri
432 1754 602 1797 onerosum
628 1747 659 1798 et
678 1728 863 1798 inhumanus
883 1733 1060 1808 videbitur,
1080 1753 1149 1793 non
1170 1731 1229 1814 qui

200 1827 399 1908 deprecatur,
422 1834 478 1894 sed
492 1835 548 1917 qui
560 1836 741 1915 deprecanti
756 1834 908 1898 irascitur.
927 1834 1049 1895 Verum
1063 1842 1160 1913 urget
1175 1851 1227 1893 me

199 1928 360 1996 Huttenus
379 1954 451 1995 meo
476 1935 676 2012 testimonio,
708 1935 763 2020 qui
786 1937 956 1999 candorem
976 1933 1056 1995 illius
1074 1931 1227 2013 praedica·

200 2032 280 2107 rim,
300 2037 389 2117 quod
408 2036 563 2100 neminem
576 2038 686 2099 solitus
699 2038 738 2098 sit
751 2037 924 2119 degravare
938 2033 1065 2096 invidia.
1102 2034 1227 2095 Fateor

200 2152 287 2195 amc
307 2135 501 2214 praedicatam
524 2137 749 2216 ingenuitatem
769 2137 916 2212 Hutteui,
951 2136 1098 2218 quicum
1116 2133 1227 2198 caeteri
1256 2186 1259 2191 ,

201 2232 321 2296 libellos
342 2236 534 2312 emitterent,
560 2249 613 2299 aut
632 2240 738 2314 nullis,
760 2249 813 2301 aut
835 2238 914 2300 fictis
937 2235 1051 2310 titulis,
1071 2237 1142 2316 ipse
1161 2256 1224 2298 suo

198 2332 289 2397 titulo
322 2335 446 2412 addito,
481 2349 594 2418 prater
619 2359 654 2401 se
683 2339 840 2401 neminem
863 2347 1009 2420 gravaret
1028 2336 1226 2415 suspicione.

200 2435 285 2515 Quid
316 2433 396 2497 istuc
423 2438 461 2498 ad
491 2438 570 2500 hanc
600 2434 748 2502 causam?
782 2441 814 2500 Si
847 2437 970 2500 laudavi
996 2438 1169 2499 candorem
1189 2437 1225 2499 io

198 2535 362 2614 Huttcno,
384 2559 492 2601 cares
512 2539 597 2602 illurn
615 2562 744 2603 movere
764 2539 916 2612 debebat,
938 2559 977 2599 ue
997 2538 1048 2599 hic
1067 2549 1153 2598 esset
1172 2536 1223 2599 sui

197 2637 363 2701 dissimilis.
411 2638 447 2702 si
476 2639 547 2723 quis
574 2642 680 2703 laudet
708 2641 817 2703 vinum
848 2639 999 2720 probum,
1030 2659 1069 2699 an
1099 2637 1125 2698 is
1143 2648 1224 2717 post

197 2739 395 2805 accusabitur
437 2741 597 2818 vanitatis,
642 2741 670 2804 si
708 2741 868 2822 contingat
902 2739 1010 2801 virium
1050 2736 1225 2800 acescere?

196 2838 322 2902 Utinam
364 2842 414 2904 hic
439 2853 558 2904 tantum
588 2863 637 2904 me
672 2864 788 2904 vanum
822 2839 1011 2903 reddidisset
1041 2840 1221 2900 Huttenus:

196 2942 321 3018 ,Ultro,
341 2942 459 3024 inquit,
482 2941 699 3006 abstinuissem
714 2944 753 3004 ab
773 2964 810 3005 ca
828 2944 1005 3023 voluptate,
1024 2959 1118 3021 quam
1139 2961 1223 3001 nun·

197 3063 290 3124 quam
326 3064 391 3103 non
418 3043 509 3122 capio
537 3067 577 3106 ex
606 3064 781 3124 congressu
809 3054 883 3117 tuo,
913 3041 940 3102 si
966 3040 1115 3102 vidissem
1147 3040 1223 3102 inde

196 3151 228 3203 te
264 3145 458 3220 gravandum
486 3142 636 3206 invidia.“
683 3146 757 3206 Hoc
790 3145 817 3209 si
848 3153 960 3223 sponte
992 3163 1049 3203 sua
1078 3140 1222 3203 facturus

197 3253 282 3318 erat,
316 3263 413 3326 quum
445 3255 567 3306 constet
593 3258 735 3308 nostrum
760 3243 953 3326 colloquium
972 3241 1090 3304 invidia
1110 3261 1221 3305 carere

194 3365 260 3406 non
280 3346 435 3423 potuisse,
457 3367 514 3406 cur
534 3346 714 3429 indignatur
732 3347 824 3421 mihi,
847 3344 902 3427 qui
922 3345 983 3405 hoe
1005 3354 1067 3404 tam
1083 3344 1221 3407 ciuiliter

195 3446 422 3521 admonuerim,
445 3457 481 3508 ut
501 3446 635 3523 laceret,
657 3450 745 3531 quod
766 3446 816 3508 ille
837 3446 887 3505 ucl
907 3463 972 3504 non
993 3443 1131 3506 monitus
1153 3455 1222 3507 erat

193 3547 357 3610 facturus?
386 3550 478 3628 Quos
507 3547 651 3611 inimicos
671 3551 781 3612 habeat
802 3550 961 3609 Huttenus
981 3565 1046 3605 non
1067 3545 1218 3626 exquiro,
1239 3572 1242 3581 ·

194 3669 254 3711 nee
273 3647 347 3717 milri
367 3647 497 3728 perinde
519 3649 559 3710 ab
579 3649 640 3711 illis
660 3649 810 3712 invidiam
830 3657 947 3708 metuo.
987 3645 1050 3707 Sed
1070 3646 1122 3706 hic
1140 3666 1219 3706 cou-

193 3768 321 3829 gressus
352 3759 587 3827 permanaturus
619 3762 686 3812 erat
718 3752 852 3812 Romam
880 3747 919 3808 ad
941 3746 1152 3822 Pontificem,
1186 3745 1220 3808 in

194 3846 376 3927 Hispaniam
403 3849 442 3910 ad
475 3847 649 3923 Curarem,
683 3850 716 3911 in
738 3848 957 3922 Brabantiam,
991 3846 1047 3908 ubi
1069 3857 1217 3909 strenuos

193 3946 295 4008 habeo
317 3949 541 4027 sycophantas,
570 3951 602 4011 in
622 3950 785 4033 Angliam‚
819 3949 872 4011 ubi
893 3969 958 4010 non
978 3947 1139 4022 deliciunt,
1161 3947 1218 4029 qui

193 4066 243 4109 tue
264 4049 422 4109 volentem
441 4051 602 4112 nolentem
613 4050 727 4112 saciant
744 4052 970 4112 Luthcranum.
1010 4048 1043 4110 Si
1056 4047 1218 4126 paululum

194 4159 240 4211 est
253 4147 339 4223 veri,
366 4150 461 4210 mulla
479 4151 581 4211 solent
600 4153 713 4235 affingi.
739 4149 932 4227 Huiusmodi
950 4170 1114 4212 rumorum
1134 4148 1217 4210 invi·

193 4249 276 4313 diam
295 4247 491 4324 metuebam3
525 4249 557 4311 id
575 4252 649 4315 satis
670 4252 849 4336 perspicere
869 4250 973 4331 potuit
991 4251 1151 4311 Huttenus
1171 4272 1214 4312 ex

191 4351 268 4417 meis
282 4349 323 4414 ad
344 4360 523 4416 minum
541 4351 649 4416 literis.
669 4350 777 4434 ,Quid
797 4350 885 4430 opis,
905 4351 1028 4433 usquit,
1046 4369 1155 4431 speres
1172 4349 1215 4415 ab
