2618 5108
76 57 550 255 ’.σὴψ-’,ἰ
593 233 612 245 9

284 733 459 807 adversus
486 722 725 830 adspergines
748 727 912 809 Hutteni.
966 790 970 798 .
1044 728 1117 809 tls
1151 839 1160 853 ,

104 947 163 988 nos
184 912 289 1001 viros,
309 916 472 988 ueritatem
491 918 734 1007 Evangcllcam,
756 918 936 991 libertatem
950 912 1116 1012 publicam,

87 1027 225 1090 'surrunis
251 1026 371 1088 viribus
402 1047 588 1106 oppugnare
617 1028 756 1108 coeperit.
793 1029 893 1112 Atqui
923 1031 1003 1107 hoc,
1030 1030 1120 1113 qnod

93 1129 243 1202 assumit,
275 1139 329 1189 aut
361 1127 534 1189 convenire
555 1125 664 1188 debuit
692 1127 775 1190 inter
805 1150 882 1207 nos,
913 1141 966 1192 aut
994 1129 1118 1192 idoneis

99 1228 292 1311 argumentis
312 1239 378 1289 erat
396 1228 612 1306 probandum,
634 1227 720 1308 prius
741 1249 834 1311 quam
854 1233 976 1293 veniret
990 1231 1028 1291 ad
1048 1230 1117 1292 illos

100 1351 176 1390 suos
209 1331 337 1390 allectus
366 1327 513 1408 tragicos.
564 1330 630 1388 'l'ot
649 1328 806 1407 epistolis,
840 1342 887 1391 tot
914 1332 1040 1406 libellis,
1070 1339 1119 1391 tot

100 1428 372 1491 testificationibus
392 1440 547 1509 perpetuo
567 1430 683 1503 clamo,
703 1451 753 1490 me
773 1431 876 1492 neutri
890 1431 1020 1494 factioni
1036 1433 1118 1494 velle

99 1529 232 1590 involvi.
281 1528 348 1590 Cur
379 1529 410 1591 id
442 1528 619 1589 statuissem
654 1532 765 1590 mullas
799 1532 1056 1609 redrlo'causas,
1086 1542 1118 1595 et

99 1642 202 1691 tanton
230 1653 294 1691 uon
326 1650 434 1691 omnes
465 1628 604 1709 prodidi.
656 1632 763 1713 Atque
789 1632 847 1692 hac
866 1632 897 1692 iu
917 1656 952 1696 re
972 1633 1047 1696 nihil
1065 1652 1117 1695 me

98 1741 222 1792 accusat
257 1752 325 1792 mea
355 1730 547 1793 conscientia
578 1731 662 1809 apud
695 1729 833 1807 jndicem
871 1732 1040 1796 Christum.
1079 1733 1118 1797 ln

96 1831 187 1892 tantis
220 1853 326 1892 rernm
357 1832 555 1907 tumultibus,
594 1830 626 1894 iu
668 1831 759 1891 tantis
787 1830 879 1893 etiam
909 1833 1057 1912 periculis
1082 1845 1117 1897 et

96 1932 184 1993 tana
210 1943 242 1991 ct
270 1930 358 2004 vino,
385 1931 426 1992 ita
452 1933 632 1994 moderatus
652 1952 721 1992 sum
739 1951 808 1992 mea
826 1931 971 2008 consilia,
1003 1944 1038 1994 ut
1056 1952 1118 1995 nee

96 2034 247 2093 tumultus
268 2043 360 2092 autor
380 2053 499 2107 essem,
521 2054 581 2092 nec
599 2051 723 2093 causam
743 2053 812 2121 quae
832 2031 905 2093 mihi
924 2054 989 2094 non
1001 2034 1118 2112 proha·

96 2134 188 2195 batur
205 2130 405 2212 adjuvarem,
426 2153 485 2192 nce
497 2131 718 2210 Evangelicam
736 2132 900 2195 veritatem
917 2133 1028 2197 alicubi
1042 2155 1118 2216 pro·

96 2234 215 2294 dercm.
256 2232 287 2293 Si
309 2235 369 2293 hoc
388 2232 567 2312 indignatur
578 2235 754 2308 Huttenus,
775 2234 865 2317 quod
882 2256 948 2296 non
967 2237 1117 2314 profitear

96 2353 250 2395 unacum
272 2333 342 2410 ipso
358 2333 550 2408 Lutherum,
570 2332 632 2412 jam
654 2346 724 2396 erite
745 2333 915 2397 triennium
935 2335 966 2397 id
986 2347 1115 2400 testatus

79 2454 166 2493 ,sum
186 2432 217 2491 in
238 2425 391 2493 coronide
411 2433 515 2495 addita
544 2434 710 2516 colloquiis
741 2435 943 2498 familiaribus
964 2436 1116 2516 Lovnnii,²

97 2556 148 2596 me
168 2535 206 2595 ab
226 2557 262 2596 ca
283 2534 421 2596 factione
442 2534 663 2596 alienissimum
691 2544 723 2595 et
751 2555 840 2611 esse,
864 2547 1045 2618 et'scmper
1063 2536 1117 2600 tua

99 2645 217 2696 turum.
269 2636 337 2696 Nee
364 2634 432 2714 ipse
461 2638 562 2696 solum
583 2635 709 2710 absum,
740 2654 852 2698 verum
877 2635 992 2697 amieos
1020 2658 1117 2718 quos·

97 2735 353 2814 cunquepotui,
386 2747 421 2796 ut
440 2737 549 2797 eadem
568 2736 725 2808 facerent,
754 2757 813 2815 pro
844 2757 913 2798 mea
939 2736 1019 2798 virili
1046 2756 1117 2802 sunt

22 2852 25 2861 ’
97 2837 294 2910 adhortatus,
323 2847 355 2896 et
382 2837 484 2898 adhuc
510 2839 679 2911 adhortor,
709 2856 769 2896 nec
788 2837 820 2898 id
839 2836 945 2898 facere
964 2837 1116 2900 desinam.

96 2937 122 2997 F
125 2936 279 2997 actionem
300 2938 422 3014 appello
442 2935 580 2998 studium
599 2935 674 2998 illud
693 2937 803 3011 animi,
834 2937 971 2998 velutin
1000 2937 1115 3014 omnia,

97 3058 167 3118 quaa
182 3038 341 3097 Lutherus
361 3035 498 3115 scripsit,
518 3037 642 3111 scribit,
663 3049 716 3098 aut
735 3036 910 3118 scripturus
931 3049 988 3112 cst,
1009 3037 1115 3114 jurati.

96 3137 204 3216 ¹Atque
235 3135 285 3195 hic
306 3137 434 3198 affectus
455 3157 669 3215 saepenumero
694 3137 786 3200 bonis
807 3138 899 3199 etiam
918 3139 993 3199 vitis
1014 3139 1116 3218 irnpo·

97 3235 153 3296 nit.
180 3234 265 3313 Quin
287 3246 318 3295 et
337 3237 435 3315 palam
455 3236 599 3298 omnihus
619 3237 725 3300 amicis
741 3237 941 3314 denuntiavi,
961 3251 1008 3315 ut,
1024 3239 1050 3302 si
1064 3259 1115 3300 rne

96 3354 162 3396 non
194 3345 323 3415 possent
353 3356 474 3409 amare,
508 3336 568 3397 uisi
586 3339 818 3412 Lutheranum,
854 3350 976 3400 sumant
1002 3338 1035 3399 in
1063 3354 1115 3401 met

99 3456 322 3518 quemcunque
361 3435 459 3497 velint
487 3438 641 3498 allectum.
686 3440 768 3500 Amo
795 3438 978 3499 libertatem.
1029 3437 1114 3498 Nulli
1163 3486 1165 3490 ,

92 3534 223 3597 factioni
243 3536 363 3598 servire
382 3557 440 3597 ncc
453 3539 547 3612 volo,
569 3556 628 3597 nce
643 3559 781 3618 possum.
801 3538 1000 3609 „Amicorum
1012 3557 1106 3599 eausa

94 3645 160 3698 tlon
180 3649 286 3713 erant,
315 3637 434 3719 inquit,
461 3638 644 3698 deserendae
664 3637 798 3699 Lutheri
825 3649 945 3718 partes,
977 3657 1113 3719 qnorum

95 3736 216 3818 aliquot
236 3738 328 3812 jactat
348 3738 440 3800 ctiam
460 3738 500 3798 dc
520 3760 567 3799 me
587 3738 669 3798 hcno
690 3737 837 3813 meritos,
875 3737 931 3820 qni
958 3750 1019 3800 tam
1046 3759 1112 3800 non

93 3837 216 3918 possint
236 3838 327 3898 avelli
348 3861 365 3900 a
384 3840 545 3914 Luthero,
566 3859 659 3920 quarn
678 3838 716 3897 ab
736 3836 801 3918 ipsa
821 3838 979 3900 veritate.“
1019 3841 1112 3918 Quos

93 3937 209 3998 amicos
226 3949 346 4012 narret,
366 3939 473 4000 nescio
483 3963 491 4012 ;
502 3960 576 4018 ‘ego
593 3939 688 4000 video
701 3941 816 3999 multos
827 3941 955 3998 antehac
967 3939 1112 4003 Luthcro

34 4113 35 4116 Ἴ
72 4075 73 4079 =
93 4038 319 4111 deditissimus,
339 4060 424 4098 rrunc
442 4038 550 4117 partim
565 4059 721 4112 mussare,
743 4038 852 4116 partim
866 4039 980 4100 taedere
992 4042 1112 4102 Luthc·

92 4140 160 4201 rani
180 4138 333 4213 nominis,
354 4139 466 4218 partim
486 4142 649 4214 damnare,
670 4139 758 4220 qtmd
777 4137 1110 4220 priusapprohabant.

93 4241 144 4303 Sic
163 4242 331 4323 quisquam
349 4239 464 4302 amicus
484 4251 603 4302 tanturn
622 4240 706 4318 apud
721 4259 771 4299 me
784 4239 880 4301 valuit
898 4261 1055 4322 unquam,
1074 4253 1111 4303 ut

91 4343 125 4405 iu
153 4342 253 4423 ipsius
290 4339 422 4421 gratiam
450 4362 500 4403 me
544 4340 721 4403 addicerem
750 4338 937 4402 Lutherauae
969 4339 1109 4418 factioni,

136 4436 140 4440 ,
655 4444 681 4486 ·
886 4446 893 4457 ,
