2618 5108
524 749 723 828 invectiva.
827 802 831 809 -
1055 748 1129 842 '235

104 947 296 1027 Apostatns,
317 966 413 1031 qnam
428 944 578 1029 graphice
593 964 654 1010 ras
672 938 852 1030 descripsit,
873 937 968 1036 quart
985 938 1129 1021 cmaiuiii

106 1047 208 1110 oculis
229 1059 324 1131 atquc
342 1049 452 1110 animis
472 1047 566 1109 vitam
585 1060 722 1112 vestram
742 1051 903 1131 exposuit.
942 1053 994 1114 An
1016 1058 1128 1137 patrini

103 1149 275 1232 agnoscitis
294 1148 335 1210 de
353 1147 446 1233 robis
458 1149 592 1224 dictam,
613 1168 711 1230 quum
726 1149 909 1231 hujusmodi
923 1152 993 1214 vite
1008 1156 1129 1220 conscii

104 1249 200 1312 vobis
231 1250 319 1314 sitis?
350 1268 457 1332 neque
482 1249 570 1311 aliter
601 1249 759 1312 ambulare
788 1271 847 1312 vos
876 1272 985 1314 omnes
1011 1255 1126 1335 sciant,

108 1372 219 1415 omnes
240 1353 383 1427 videant,
405 1372 498 1434 qrram
518 1360 591 1433 post
611 1353 805 1428 voluptatem
824 1353 942 1430 carnis,
964 1375 1001 1416 ac
1020 1358 1127 1422 odisse

104 1472 231 1516 crucem
248 1452 382 1528 Christi,
402 1470 473 1514 cnm
492 1453 572 1513 dura
585 1451 688 1513 omnia
698 1452 845 1533 fugiatis,
865 1474 971 1538 neque
988 1451 1128 1541 unquam

105 1552 232 1616 adversi
259 1552 375 1635 aiiqaid
405 1573 465 1633 pro
492 1551 618 1615 Christo
647 1551 774 1628 seratis,
809 1549 843 1615 in
868 1554 954 1617 omni
985 1558 1127 1638 moltitie,

102 1654 216 1718 inertia
235 1662 267 1716 et
295 1651 416 1715 deliciis
432 1653 529 1714 vitam
556 1651 676 1731 agatis?
701 1653 763 1715 Sed
784 1656 948 1736 quomodo
976 1659 1039 1721 vim
1063 1659 1129 1724 ier·

105 1755 200 1832 retis,
221 1753 337 1839 quibus
357 1751 475 1834 justitia
495 1754 598 1836 gravis
619 1753 689 1816 est?
712 1756 779 1817 Aut
797 1757 963 1838 quomodo
981 1760 1128 1823 maledic·

103 1867 171 1917 tum
197 1854 363 1929 audiretis,
397 1853 453 1936 qui
472 1853 611 1915 veritatis
635 1852 739 1916 sonitu
759 1855 972 1933 offendimini,
992 1861 1128 1927 verber·

103 1967 224 2031 autem,
245 1963 399 2016 tormenta
419 1963 450 2014 et
463 1962 597 2015 mortem
616 1975 675 2033 pro
691 1953 818 2017 Christo
834 1956 1033 2035 pateremini,
1053 1978 1128 2026 cum
1199 1984 1200 1988 ¹

103 2057 131 2119 si
151 2055 222 2140 quis
243 2072 385 2116 asomno
406 2069 464 2115 aas
485 2051 617 2127 excitet,
638 2069 692 2116 aut
712 2054 829 2136 aliquid
845 2057 1039 2136 rotrrptatum
1054 2059 1128 2123 ista·

101 2176 174 2219 rum
192 2154 399 2228 interturbet,
427 2152 544 2214 bellum
562 2150 729 2216 indicatis?
762 2157 852 2236 Ergo
871 2156 1028 2239 igiturex
1048 2158 1130 2225 irre&

100 2253 247 2339 fragabili
272 2253 455 2316 sanctissimi
485 2251 564 2314 ratis
591 2254 741 2334 predicta
767 2254 837 2337 linis
864 2256 1001 2338 perditio
1019 2258 1126 2326 manet

100 2376 173 2420 vus.
211 2355 291 2418 Nam
309 2355 414 2417 Deum
432 2363 576 2415 ventrem
600 2354 702 2418 colitis
723 2366 753 2418 et
772 2357 902 2438 gloriam
922 2359 1071 2438 posuistis
1089 2358 1126 2426 in

99 2457 279 2530 Macae,
309 2456 489 2538 nullamque
508 2453 659 2517 habentes
685 2457 716 2517 in
735 2455 820 2518 coetis
839 2453 1125 2540 conversationem,

100 2574 211 2642 aeque
240 2556 321 2619 atiud
347 2557 450 2619 minus
477 2575 570 2638 quam
603 2556 763 2620 Christum
789 2567 1011 2637 expectantes,
1028 2563 1127 2633 ,omni

103 2672 182 2721 cure
202 2667 235 2720 et
253 2657 462 2720 sollicitudine
481 2659 521 2720 ad
540 2655 700 2721 terrestria
719 2677 779 2718 vos
790 2658 1043 2724 accommodatis.
1081 2663 1127 2725 Bt

99 2760 178 2822 tales
198 2775 271 2820 cum
287 2756 374 2833 sitis,
394 2759 499 2839 tegam
520 2768 621 2821 tamen
641 2772 830 2848 merumque
849 2755 993 2838 regimen
1012 2759 1052 2823 ad
1064 2778 1125 2825 vos

99 2858 231 2922 trahitis.
270 2857 419 2939 Cumque
438 2860 472 2920 in
491 2859 583 2922 robis
603 2859 755 2922 dissoluta
775 2854 971 2932 sintomnia,
994 2869 1026 2920 et
1046 2878 1126 2924 eone

98 2958 275 3034 fusissime,
297 2970 401 3021 tamen
420 2959 489 3020 sine
508 2959 739 3041 provocatione
752 2955 919 3038 imperium
937 2957 1030 3022 vobis
1049 2979 1124 3042 per·

87 3059 290 3129 ¹tinacissime
308 3057 496 3122 vindicatis,
537 3060 599 3122 Ubi
619 3069 693 3120 sunt
711 3055 762 3121 isti
780 3055 951 3138 patientes,
983 3059 1040 3143 qui
1059 3061 1126 3125 hee

99 3161 187 3224 terre
206 3160 365 3240 possunt?
396 3161 466 3222 Vos
498 3172 618 3236 antem,
649 3157 776 3243 mando
809 3156 886 3233 erit,
911 3168 949 3219 ut
978 3157 1013 3222 in
1039 3171 1125 3227 tante

98 3257 334 3342 irnprobi'tatum
363 3271 395 3320 et
424 3263 578 3323 scelerum
617 3257 741 3321 licentia
765 3258 896 3320 modum
935 3256 1125 3325 inveniatis?

99 3361 227 3426 ttthitne
246 3361 368 3443 ubique
387 3360 598 3442 temperabitis
619 3357 736 3420 robis?
761 3357 844 3419 Nihil
863 3358 1011 3421 curabitis
1021 3360 1044 3422 i'
1058 3362 1124 3424 Ne·

100 3464 219 3526 marm
238 3460 435 3542 respicietis?
468 3460 565 3525 Certe
584 3461 790 3542 pericuiosam
812 3456 900 3518 istam
921 3457 1013 3520 vobis
1031 3480 1125 3525 secu·

101 3562 224 3626 ritatem
253 3562 421 3624 arbitron·
448 3562 528 3623 Nam
557 3572 594 3622 ut
623 3579 690 3621 non
714 3567 820 3638 tangat
847 3576 905 3618 vos
938 3554 1122 3639 indignitas,

101 3682 208 3746 neque
229 3664 335 3745 pudor
355 3682 415 3722 vos
435 3661 665 3743 turpitudinum
683 3672 857 3721 vestrarum
878 3658 962 3739 apud
981 3660 1123 3726 homines

103 3761 231 3838 srrbeat,
251 3759 319 3825 ilios
339 3773 495 3843 perpetuo
514 3761 548 3822 in
568 3781 626 3822 vos
641 3758 833 3823 excubantes
850 3758 911 3819 Dei
931 3762 1041 3822 oculos
1056 3780 1124 3825 non

101 3862 314 3925 rerebimini?
352 3865 393 3922 Et
418 3879 559 3942 poenam,
589 3883 659 3942 que
688 3855 869 3938 hujusmodi
902 3856 983 3920 iacta
1008 3870 1124 3937 maaet,

101 3983 167 4025 aon
183 3963 365 4025 timebitis?
395 3963 447 4023 Sic
472 3957 595 4036 vivitis,
628 3973 664 4022 ut
688 3959 833 4040 pudicam
853 3954 1024 4038 conjugem
1045 3961 1126 4026 nolit
1195 3986 1198 3990 ’

102 4062 174 4146 quis
192 4063 303 4124 (ioman
321 4074 440 4125 vestras
457 4062 634 4137 adducere,
653 4071 686 4121 et
705 4071 806 4120 tamen
824 4058 979 4137 imperare
994 4058 1123 4138 publico

100 4162 208 4226 maltis.
265 4164 435 4225 Possemus
466 4163 553 4225 serre
582 4159 763 4242 imperium,
809 4179 947 4240 quorum
983 4159 1124 4240 sugimus

100 4263 392 4339 consuetudinem?
420 4265 505 4324 Ecce
527 4274 645 4345 autem,
678 4280 772 4342 quam
796 4258 871 4320 nihil
891 4280 963 4320 cum
984 4257 1122 4337 etauio,

99 4364 175 4428 nihii
190 4385 262 4427 cum
280 4362 444 4446 Apostolis
464 4363 631 4438 convenit,
651 4373 683 4425 et
702 4371 805 4422 tamen
817 4358 1010 4439 spiritualem
1029 4381 1124 4425 voca·
