2618 5108
136 818 212 919 iii
368 926 370 931 ,
519 836 600 926 Ulr.
629 828 785 914 liutteni

136 1028 209 1093 Nec
227 1040 369 1106 suscepta
386 1031 482 1088 semel
500 1032 595 1103 iacta,
614 1040 649 1088 ut
667 1030 832 1101 cessantia,
849 1027 955 1085 mitto:
988 1068 994 1079 .

241 1124 299 1195 Et,
315 1125 341 1182 ai
359 1126 439 1182 iama
457 1125 515 1182 suit
530 1128 670 1194 mittere,
688 1126 762 1181 ialsa
780 1124 846 1180 fuit.

139 1218 254 1291 injice,
271 1219 353 1276 livor
371 1216 468 1289 edax,
486 1235 645 1276 rumorem
663 1219 780 1275 infense
797 1216 969 1275 sinistrum:

242 1312 391 1383 Egrediar
409 1322 552 1369 constans
570 1304 714 1386 permen
731 1312 790 1367 iata
807 1319 921 1366 tamen.

140 1404 212 1465 Nec
231 1405 311 1461 ieret
325 1404 388 1462 atila
405 1406 484 1475 dies,
502 1407 585 1478 quod
602 1414 635 1462 tu
652 1406 780 1462 mentire
799 1406 950 1472 futurum,

247 1496 308 1574 Qui
327 1499 423 1556 semei
443 1499 575 1568 exarsit,
594 1499 784 1573 pertepuisse
804 1497 950 1553 animum.

140 1590 203 1647 Aut
219 1591 295 1647 mihi
312 1592 437 1649 libertas
454 1592 526 1648 vivo
545 1592 735 1665 reparabitur
752 1592 862 1648 armis:

244 1687 307 1741 Aut
322 1685 387 1741 hcc
404 1685 462 1743 orit
479 1686 607 1755 saltem,
625 1685 706 1741 liber
722 1696 756 1741 nt
775 1685 917 1741 emoriar.
941 1728 947 1737 ,

143 1776 273 1848 Terret,
292 1788 323 1834 et
339 1780 450 1837 infesto
470 1780 621 1837 Decimus
637 1781 702 1837 Leo
721 1778 851 1835 contrait
869 1792 961 1846 ausu,

244 1873 455 1947 Intentantque
479 1870 594 1930 mnium
616 1881 664 1930 tot
687 1872 762 1929 mihi
788 1856 965 1928 Pontifices.
1033 1898 1036 1903 ·

143 1962 292 2036 Terreat,
322 1967 486 2037 intentent,
514 1984 589 2040 ego,
620 1984 679 2041 qua
699 1966 747 2022 via
765 1973 866 2020 certus
885 1963 991 2034 cundi,

246 2059 411 2131 Egrediar,
428 2077 526 2118 vanos
544 2061 770 2134 despiciamque
788 2066 897 2114 metus.

141 2150 214 2211 Neo
229 2155 314 2211 cadet
333 2155 460 2211 insontis
479 2154 516 2210 de
534 2155 677 2225 sanguine
700 2161 781 2222 gutta
798 2151 951 2222 Lutiaeri,

249 2247 345 2322 Quae,
365 2248 390 2303 si
408 2248 524 2317 adsim,
543 2264 607 2304 non
627 2247 666 2304 sit
681 2245 822 2315 sanguine
841 2243 934 2298 mixta
951 2259 1035 2298 meo.

146 2336 240 2412 Quod
260 2332 401 2411 possum,
427 2341 457 2394 in
476 2357 639 2395 commune
663 2341 777 2406 feram,
796 2337 975 2408 sociumque
989 2335 1117 2407 juvabo.

247 2429 289 2485 Ut
310 2430 393 2504 prius
408 2431 546 2503 ingenio,
564 2451 646 2488 nunc
664 2440 824 2505 peragente
841 2446 943 2485 manu.

144 2519 214 2578 Nec
233 2523 480 2581 levius·movecr
497 2526 609 2597 modo,
631 2542 722 2599 quam
741 2522 882 2596 patruelis
901 2522 1030 2595 adempti

248 2616 396 2674 Ultricom
413 2627 531 2692 peteret
548 2637 642 2694 quum
661 2618 719 2676 sibi
737 2617 854 2687 sanguia
873 2634 975 2689 opem.

112 2702 115 2709 ’
145 2706 248 2765 Hostis
265 2710 317 2766 hic
333 2711 416 2768 haud
432 2713 559 2770 nimium
577 2713 676 2769 sortis.
723 2712 765 2768 sit
782 2711 912 2779 sortior,
940 2710 992 2766 ibo

249 2803 313 2861 Pro
333 2807 447 2878 patria,
468 2807 573 2864 dubias
592 2807 792 2881 experiarque
811 2804 904 2860 vicet.

146 2894 188 2952 Ut
203 2913 351 2970 nequeam
370 2915 515 2973 superare
525 2939 535 2969 ,
552 2909 653 2956 tamen
671 2897 856 2955 contendere
874 2895 980 2970 quibo.

249 2990 324 3047 Non
342 2992 453 3048 audere
474 3001 575 3062 vetat,
593 2995 644 3066 qui
663 3008 808 3066 superare
825 3000 916 3046 vetat.

147 3080 221 3138 Hac
231 3100 371 3156 qnoque,
390 3085 415 3141 si
427 3103 486 3158 qua
496 3085 578 3142 bona
590 3097 634 3142 est
644 3085 717 3142 belii
732 3100 837 3152 eausa,
855 3084 968 3156 optima
980 3083 1100 3140 tandem
1112 3091 1172 3142 eata

250 3175 292 3231 Et
308 3177 364 3231 sub
382 3195 441 3250 qua
459 3179 547 3235 sortia
563 3196 655 3236 nemo
674 3179 773 3252 perire
789 3186 888 3247 neget.

146 3262 187 3323 Ut
203 3284 267 3323 ncn
284 3268 323 3324 ait
337 3269 420 3326 bona
438 3287 528 3342 sora3
548 3289 604 3342 ego
623 3274 764 3328 dextrum
781 3287 894 3327 numen
914 3270 1020 3330 adoro.

249 3361 332 3420 Nam
352 3378 473 3420 eausam
490 3366 571 3421 hano
588 3366 698 3421 Christi
717 3366 784 3438 quia
800 3372 888 3434 negat
905 3381 974 3419 ease
992 3364 1106 3423 fidem?

114 3514 117 3519 ,
147 3454 281 3526 Nescio,
302 3474 363 3529 quo
381 3474 431 3512 me
452 3460 511 3515 iata
527 3468 651 3515 vocent.
688 3460 883 3535 Quocunque
901 3458 1074 3530 vocabunt,

252 3550 371 3607 conatu
389 3560 507 3609 eertum
526 3561 571 3609 eat
587 3570 650 3608 non
670 3554 836 3625 trepidante
855 3551 951 3624 sequi.

148 3643 287 3699 Desinite
306 3642 446 3700 exsilium
463 3644 563 3701 dubiis
584 3645 751 3702 obtendere
771 3644 893 3718 coeptis:

251 3735 325 3794 Non
342 3737 413 3793 tanti
432 3748 495 3809 cat,
513 3755 601 3796 serva
618 3736 727 3795 vivere
743 3756 813 3796 eum
832 3739 936 3813 patria.

152 3827 190 3882 At
205 3845 290 3885 mors
310 3832 406 3904 qualis
426 3832 501 3900 erit,
521 3851 587 3906 qun
605 3850 673 3904 me,
692 3835 775 3906 quod
794 3833 853 3890 vita
871 3831 1016 3902 negabat,

250 3921 427 3997 Eripietque
443 3927 551 3996 malis,
568 3930 764 4001 restituetque
779 3927 865 3983 mihi.

151 4011 342 4088 Quamquam
361 4018 477 4076 animus
495 4022 624 4078 meliora
642 4022 714 4078 mihi
733 4026 871 4095 praesagit
889 4027 979 4083 eunti.

253 4108 330 4185 Qua
349 4129 383 4169 se
404 4130 523 4187 cunque
543 4114 674 4184 dabunt,
693 4132 747 4188 spe
765 4130 918 4190 praeeunte
936 4135 1058 4191 sequar.

152 4198 228 4276 Quia
246 4203 321 4274 scit,
340 4223 375 4260 an
394 4208 477 4263 hunc
495 4209 607 4264 frustra
626 4210 765 4266 Christus
783 4213 855 4268 velit
873 4230 938 4268 esse
958 4214 1116 4283 laborem,

250 4297 291 4353 Et
307 4298 424 4354 diversa
442 4310 545 4357 vetent
561 4303 684 4359 vincere
702 4306 761 4359 iata
780 4306 876 4363 duos?

150 4388 218 4445 Lex
236 4390 334 4446 divina
354 4408 476 4465 comcs,
496 4413 679 4470 quocunque
700 4398 872 4469 evadimus,
890 4400 954 4457 ibit.

252 4483 322 4541 Hoc
339 4487 459 4545 tandem
475 4488 590 4549 licitum
608 4500 655 4548 eat
673 4491 767 4549 fidere
783 4493 932 4567 prasidio.
