2618 5108
537 752 802 852 Expostulatio.
1100 767 1176 843 361

147 937 283 1006 sollicita
302 914 373 1009 ease
391 944 503 1023 debet,
529 967 637 1032 neque
656 961 792 1014 mortem
818 951 948 1032 timere,
979 957 1091 1022 autad
1110 959 1181 1042 glo·

150 1040 231 1105 riam
266 1045 404 1110 animum
432 1048 615 1126 intendere,
652 1052 709 1113 sed
740 1074 834 1135 quam
862 1057 1013 1119 convenit
1040 1059 1181 1125 omnium

147 1139 212 1223 jam
251 1166 411 1223 securam,
453 1149 553 1211 veluti
595 1153 698 1214 laetum
730 1154 879 1216 conlecto
921 1177 1023 1238 prope
1066 1158 1201 1223 itincre

145 1245 319 1321 viatorem,
347 1247 378 1309 id
402 1248 491 1332 quod
510 1261 626 1328 restat,
655 1251 904 1336 ingredientem,
928 1278 1054 1321 omnem
1073 1278 1180 1340 asper·

145 1345 216 1409 uari
239 1350 413 1430 splausum,
448 1371 559 1414 omncs
590 1351 767 1435 triumphos
796 1368 1011 1420 contemnere.
1053 1359 1117 1422 Hie
1143 1371 1180 1426 lu

147 1466 263 1511 noram
284 1447 330 1510 sic
349 1461 474 1529 captare
494 1452 576 1514 velis
597 1454 747 1535 gloriam,
766 1467 802 1517 ut
821 1468 930 1519 contra
943 1458 1037 1522 animi
1053 1472 1180 1527 senteu-

147 1545 239 1625 tiam,
266 1549 333 1613 istis
359 1563 483 1633 gratum
517 1552 624 1617 lacere
651 1557 761 1619 mundi
796 1557 932 1623 dominis
958 1561 1041 1625 haud
1068 1561 1180 1645 dedig-

145 1649 257 1713 neris?
288 1651 455 1735 nequeid
484 1654 619 1729 videre,
651 1677 746 1739 quam
772 1667 803 1721 te
831 1659 985 1723 indecore
1010 1661 1060 1725 hic
1079 1661 1177 1741 jactes

145 1753 334 1816 conatibus?
365 1756 440 1816 Non
469 1777 600 1819 movere
623 1768 654 1820 te
682 1769 786 1819 autem
811 1759 975 1837 debetis,
1010 1760 1066 1844 qui
1092 1776 1178 1825 nunc

144 1864 210 1929 est,
231 1874 339 1916 rerum
355 1865 463 1919 status.
503 1856 568 1937 Ipsi
586 1857 645 1933 illi,
668 1858 770 1940 quite
793 1880 888 1938 prece
907 1882 993 1924 nunc
1012 1872 1044 1923 et
1073 1862 1177 1943 pretio

144 1959 185 2020 ad
206 1978 242 2020 se
261 1959 446 2035 traducunt,
467 1979 540 2021 cum
559 1957 622 2021 sint
641 1958 869 2037 potentissimi,
890 1981 996 2044 neque
1007 1963 1078 2029 ,hoc
1101 1984 1177 2043 pro,-

145 2059 234 2121 lecto
255 2059 413 2135 facerent,
445 2081 552 2142 neque
576 2058 623 2121 sic
649 2060 742 2122 anxie
764 2060 804 2122 de
839 2060 931 2123 nobis
951 2065 1177 2142 consultarent,

145 2159 208 2220 nisi
240 2161 375 2244 aliquem
405 2159 466 2223 sibi
490 2160 627 2240 ingentis
655 2159 788 2242 periculi
815 2182 922 2223 casum
947 2163 1176 2245 prospicerent.

148 2259 276 2340 Quod
267 2283 301 2322 m
320 2260 377 2323 illis
398 2281 470 2323 cum
490 2260 614 2336 videas,
645 2260 723 2344 quid
742 2260 816 2335 tibi,
847 2261 900 2324 cui
920 2261 994 2325 inde
1018 2284 1091 2345 spes
1119 2264 1177 2345 ds·
1230 2313 1240 2335 .

144 2363 282 2444 pendet,
314 2362 517 2444 cogitandum
543 2361 726 2425 existimas?
757 2361 915 2444 Fragilem
940 2383 1065 2444 semper
1083 2384 1173 2446 spem

145 2461 342 2544 propositam
371 2464 568 2539 habuerunt,
602 2463 659 2547 qui
689 2464 856 2527 afortuna
874 2476 907 2527 et
924 2485 1033 2527 rerum
1053 2477 1174 2580 evemu

144 2563 311 2626 consilium
331 2574 504 2645 coeperunt.
550 2563 613 2626 Sed
639 2565 701 2626 hoc
721 2585 784 2647 ego
804 2564 887 2627 fama
906 2565 1013 2646 potius
1033 2563 1171 2631 nominis

142 2665 209 2740 tui,
238 2687 333 2747 quam
359 2664 468 2745 eapitis
489 2664 670 2727 discrimine
690 2665 819 2739 melion
851 2666 908 2726 etsi
932 2686 1000 2728 nou
1019 2678 1108 2730 vacat
1126 2664 1173 2731 ihi

144 2786 278 2848 quoque
296 2777 381 2828 metu
402 2765 544 2840 animus3
574 2777 695 2840 tamen,
723 2776 759 2827 ut
779 2764 812 2827 in
831 2776 901 2828 tuto
932 2765 997 2827 vita
1022 2765 1077 2842 sit,
1107 2768 1170 2831 hoe

144 2877 267 2929 certum
287 2878 347 2941 est,
372 2879 469 2950 atquc
490 2866 582 2929 etiam
603 2866 701 2949 magis
720 2866 911 2941 curandum,
930 2864 1020 2928 famu
1044 2864 1172 2948 pericu·

143 2975 219 3035 lum.
242 2969 284 3030 Et
304 2989 397 3051 quam
414 2971 529 3031 multos
543 2987 614 3030 esse
629 2978 737 3047 putas,
763 2967 818 3050 qui
832 2967 1004 3048 temporale
1013 2967 1075 3028 hoc
1085 2977 1176 3031 tuum

143 3070 328 3152 ingenium,
350 3069 472 3153 aliquot
490 3066 553 3149 jam
572 3090 672 3130 annos
693 3078 725 3130 et
744 3078 897 3143 noscunt,
926 3077 960 3129 et
978 3079 1175 3135 aversentur.

142 3176 229 3258 Quia
264 3189 369 3239 tamen
397 3174 429 3235 ln
460 3171 583 3234 levibus
612 3169 779 3252 aliquando
812 3168 907 3231 rebus
936 3167 1096 3245 variabas,
1129 3168 1174 3261 ob

141 3279 285 3361 insignes
329 3272 449 3357 alioqui
493 3272 626 3334 virtutes
669 3270 869 3357 tolerandum
909 3270 1083 3333 duxerunt.
1127 3267 1174 3354 Hi

143 3400 215 3441 cum
240 3376 414 3451 videbunt,
443 3372 477 3434 in
505 3391 572 3456 quo
599 3392 685 3433 nunc
704 3368 837 3449 negotio
867 3368 1030 3432 affectibus
1057 3369 1174 3435 cedere

134 3491 194 3554 te,
217 3499 312 3562 quam
332 3496 399 3537 non
420 3472 673 3555 indignationem
692 3469 842 3551 capient?
862 3467 928 3533 Atii
945 3488 1041 3542 vero,
1063 3467 1119 3550 qui
1138 3466 1177 3532 in‘

142 3581 262 3662 optimo
282 3597 408 3658 semper
428 3575 469 3637 de
488 3585 520 3635 te
541 3571 710 3652 opinione,
736 3572 851 3632 nullam
870 3568 935 3630 doli
955 3566 1173 3648 suspicionem

142 3691 362 3760 conceperunt
387 3695 546 3759 unquam,
581 3674 698 3734 nullam
717 3669 850 3731 levitatis
880 3678 934 3730 aut
952 3665 1171 3744 simulationis,

142 3804 216 3846 cum
236 3781 392 3843 videbunt
411 3779 456 3840 sic
477 3775 685 3846 decumbere,
706 3781 742 3831 ut
759 3768 888 3832 ferent?
909 3769 1025 3829 Nonne
1037 3778 1173 3853 utmag-

141 3885 237 3948 niftce
270 3880 408 3962 quisque
439 3881 565 3939 locutus
593 3884 664 3935 ante
698 3881 761 3945 cst,
787 3869 829 3931 ita
857 3868 1059 3948 contemptim
1085 3888 1172 3937 utino

142 3980 285 4065 expuet?
329 3979 426 4059 Quod
451 3977 572 4038 utinam
601 3970 776 4054 praevenire
806 3968 881 4033 mihi
909 3967 1064 4042 licuisset;
1095 3967 1173 4035 nihil

141 4108 282 4168 unquam
302 4081 481 4153 lubentius,
503 4097 597 4160 quam
617 4072 669 4135 tali
688 4081 720 4132 tc
741 4071 822 4132 malo
843 4067 1017 4131 imminenti
1036 4068 1172 4133 exemis-

142 4191 225 4254 sem!
257 4188 351 4248 Nunc
370 4201 503 4252 vereor,
532 4187 568 4241 ut
587 4172 706 4257 possim
726 4171 912 4245 consulere,
940 4165 1072 4230 nimium
1096 4189 1173 4248 pro·

143 4306 267 4372 gresso.
306 4283 404 4346 Certe
432 4281 562 4352 vellem,
593 4274 678 4338 etsi
703 4273 865 4353 ignorem,
903 4289 945 4331 an
963 4287 1034 4330 mea
1060 4265 1104 4328 ibi
1122 4266 1171 4329 al·

141 4387 241 4453 lectio
260 4395 349 4468 grata
360 4380 417 4445 tibi
437 4379 573 4454 accidat,
595 4374 768 4458 presertim
786 4391 860 4435 cum
877 4380 911 4433 et
929 4370 965 4432 in
984 4366 1170 4433 universum
