<?xml version="1.0" encoding="UTF-8"?>
<!DOCTYPE html PUBLIC "-//W3C//DTD XHTML 1.0 Transitional//EN"
    "http://www.w3.org/TR/xhtml1/DTD/xhtml1-transitional.dtd">
<html xmlns="http://www.w3.org/1999/xhtml" xml:lang="en" lang="en">
 <head>
  <title>
</title>
<meta http-equiv="Content-Type" content="text/html;charset=utf-8" />
  <meta name='ocr-system' content='tesseract 3.04.00' />
  <meta name='ocr-capabilities' content='ocr_page ocr_carea ocr_par ocr_line ocrx_word'/>
</head>
<body>
  <div class='ocr_page' id='page_1' title='image "./ulrichiabhutten00mngoog_0592.png"; bbox 0 0 2618 5108; ppageno 0'>
   <div class='ocr_carea' id='block_1_1' title="bbox 195 1279 1164 1527">
    <p class='ocr_par' dir='ltr' id='par_1_1' title="bbox 195 1279 1164 1527">
     <span class='ocr_line' id='line_1_1' title="bbox 195 1279 1164 1379; baseline 0.009 -24"><span class='ocrx_word' id='word_1_1' title='bbox 195 1279 435 1359; x_wconf 83' lang='lat' dir='ltr'><strong>Ornatissimo</strong></span> <span class='ocrx_word' id='word_1_2' title='bbox 476 1287 526 1360; x_wconf 89' lang='lat' dir='ltr'><strong>D.</strong></span> <span class='ocrx_word' id='word_1_3' title='bbox 571 1285 771 1379; x_wconf 84' lang='lat' dir='ltr'><strong>Bilibaldo,</strong></span> <span class='ocrx_word' id='word_1_4' title='bbox 808 1287 974 1364; x_wconf 81' lang='lat' dir='ltr'><strong>senatori</strong></span> <span class='ocrx_word' id='word_1_5' title='bbox 1018 1287 1164 1368; x_wconf 89' lang='lat' dir='ltr'><strong>Norim·</strong></span> 
     </span>
     <span class='ocr_line' id='line_1_2' title="bbox 591 1427 773 1527; baseline 0.027 -28"><span class='ocrx_word' id='word_1_6' title='bbox 591 1427 773 1527; x_wconf 77' lang='lat' dir='ltr'>bergensi.</span> 
     </span>
    </p>
   </div>
   <div class='ocr_carea' id='block_1_2' title="bbox 574 1632 786 1657">
    <p class='ocr_par' dir='ltr' id='par_1_2' title="bbox 574 1632 786 1657">
     <span class='ocr_line' id='line_1_3' title="bbox 574 1632 786 1657; baseline 0 -4"><span class='ocrx_word' id='word_1_7' title='bbox 574 1632 786 1657; x_wconf 52' lang='grc' dir='ltr'><strong>Μ</strong></span> 
     </span>
    </p>
   </div>
   <div class='ocr_carea' id='block_1_3' title="bbox 92 1740 1274 4180">
    <p class='ocr_par' dir='ltr' id='par_1_3' title="bbox 92 1740 1274 4180">
     <span class='ocr_line' id='line_1_4' title="bbox 169 1740 1190 1870; baseline 0 -28"><span class='ocrx_word' id='word_1_8' title='bbox 169 1740 349 1865; x_wconf 61' lang='lat' dir='ltr'><strong>Aegranm</strong></span> <span class='ocrx_word' id='word_1_9' title='bbox 368 1780 451 1844; x_wconf 76' lang='lat' dir='ltr'><strong>solet</strong></span> <span class='ocrx_word' id='word_1_10' title='bbox 469 1803 663 1868; x_wconf 80' lang='lat' dir='ltr'><strong>exaggerare</strong></span> <span class='ocrx_word' id='word_1_11' title='bbox 682 1785 804 1863; x_wconf 87' lang='lat' dir='ltr'><strong>omnia,</strong></span> <span class='ocrx_word' id='word_1_12' title='bbox 829 1803 1019 1870; x_wconf 75' lang='lat' dir='ltr'><strong>ortamquam</strong></span> <span class='ocrx_word' id='word_1_13' title='bbox 1039 1781 1114 1845; x_wconf 83' lang='lat' dir='ltr'><strong>nihii</strong></span> <span class='ocrx_word' id='word_1_14' title='bbox 1135 1780 1190 1843; x_wconf 86' lang='lat' dir='ltr'><strong>ad-</strong></span> 
     </span>
     <span class='ocr_line' id='line_1_5' title="bbox 169 1879 1190 1963; baseline -0.001 -21"><span class='ocrx_word' id='word_1_15' title='bbox 169 1879 232 1943; x_wconf 88' lang='lat' dir='ltr'><strong>huc</strong></span> <span class='ocrx_word' id='word_1_16' title='bbox 261 1880 373 1945; x_wconf 87' lang='lat' dir='ltr'><strong>accidit</strong></span> <span class='ocrx_word' id='word_1_17' title='bbox 398 1882 473 1946; x_wconf 91' lang='lat' dir='ltr'><strong>mihi</strong></span> <span class='ocrx_word' id='word_1_18' title='bbox 500 1884 660 1963; x_wconf 70' lang='lat' dir='ltr'>indignius</span> <span class='ocrx_word' id='word_1_19' title='bbox 686 1888 748 1951; x_wconf 91' lang='lat' dir='ltr'><strong>hoc</strong></span> <span class='ocrx_word' id='word_1_20' title='bbox 777 1887 862 1950; x_wconf 80' lang='lat' dir='ltr'><strong>facto</strong></span> <span class='ocrx_word' id='word_1_21' title='bbox 905 1881 1049 1948; x_wconf 82' lang='lat' dir='ltr'><strong>Hutteni.</strong></span> <span class='ocrx_word' id='word_1_22' title='bbox 1097 1882 1190 1944; x_wconf 84' lang='lat' dir='ltr'><strong>Hanc</strong></span> 
     </span>
     <span class='ocr_line' id='line_1_6' title="bbox 170 1980 1191 2069; baseline -0.002 -26"><span class='ocrx_word' id='word_1_23' title='bbox 170 1983 318 2046; x_wconf 75' lang='lat' dir='ltr'><strong>technam</strong></span> <span class='ocrx_word' id='word_1_24' title='bbox 336 1984 451 2047; x_wconf 77' lang='lat' dir='ltr'><strong>struxit</strong></span> <span class='ocrx_word' id='word_1_25' title='bbox 471 1984 628 2049; x_wconf 86' lang='lat' dir='ltr'><strong>Henricns</strong></span> <span class='ocrx_word' id='word_1_26' title='bbox 648 1985 910 2069; x_wconf 85' lang='lat' dir='ltr'><strong>Eppcndorpius,</strong></span> <span class='ocrx_word' id='word_1_27' title='bbox 932 1984 988 2067; x_wconf 89' lang='lat' dir='ltr'><strong>qui</strong></span> <span class='ocrx_word' id='word_1_28' title='bbox 1008 1980 1112 2045; x_wconf 88' lang='lat' dir='ltr'><strong>omnia</strong></span> <span class='ocrx_word' id='word_1_29' title='bbox 1131 2000 1191 2044; x_wconf 88' lang='lat' dir='ltr'><strong>sua</strong></span> 
     </span>
     <span class='ocr_line' id='line_1_7' title="bbox 169 2082 1189 2163; baseline 0 -19"><span class='ocrx_word' id='word_1_30' title='bbox 169 2083 303 2147; x_wconf 82' lang='lat' dir='ltr'><strong>consilia</strong></span> <span class='ocrx_word' id='word_1_31' title='bbox 333 2086 501 2155; x_wconf 74' lang='lat' dir='ltr'><strong>miscuerat</strong></span> <span class='ocrx_word' id='word_1_32' title='bbox 533 2107 604 2150; x_wconf 87' lang='lat' dir='ltr'><strong>cum</strong></span> <span class='ocrx_word' id='word_1_33' title='bbox 632 2088 795 2163; x_wconf 86' lang='lat' dir='ltr'><strong>Hutteno,</strong></span> <span class='ocrx_word' id='word_1_34' title='bbox 828 2107 898 2148; x_wconf 91' lang='lat' dir='ltr'><strong>cum</strong></span> <span class='ocrx_word' id='word_1_35' title='bbox 933 2095 1016 2148; x_wconf 90' lang='lat' dir='ltr'><strong>esset</strong></span> <span class='ocrx_word' id='word_1_36' title='bbox 1049 2082 1189 2145; x_wconf 72' lang='lat' dir='ltr'><strong>Basileia.</strong></span> 
     </span>
     <span class='ocr_line' id='line_1_8' title="bbox 169 2184 1188 2267; baseline 0 -21"><span class='ocrx_word' id='word_1_37' title='bbox 169 2184 312 2267; x_wconf 79' lang='lat' dir='ltr'>Uterque</span> <span class='ocrx_word' id='word_1_38' title='bbox 333 2185 469 2248; x_wconf 86' lang='lat' dir='ltr'><strong>debebat</strong></span> <span class='ocrx_word' id='word_1_39' title='bbox 486 2186 633 2261; x_wconf 82' lang='lat' dir='ltr'><strong>animam3</strong></span> <span class='ocrx_word' id='word_1_40' title='bbox 660 2185 763 2250; x_wconf 80' lang='lat' dir='ltr'><strong>visum</strong></span> <span class='ocrx_word' id='word_1_41' title='bbox 782 2198 830 2250; x_wconf 91' lang='lat' dir='ltr'><strong>est</strong></span> <span class='ocrx_word' id='word_1_42' title='bbox 849 2185 925 2262; x_wconf 88' lang='lat' dir='ltr'><strong>illis,</strong></span> <span class='ocrx_word' id='word_1_43' title='bbox 944 2186 1001 2248; x_wconf 84' lang='lat' dir='ltr'><strong>hac</strong></span> <span class='ocrx_word' id='word_1_44' title='bbox 1020 2186 1072 2246; x_wconf 80' lang='lat' dir='ltr'><strong>ria</strong></span> <span class='ocrx_word' id='word_1_45' title='bbox 1091 2202 1188 2263; x_wconf 86' lang='lat' dir='ltr'><strong>posse</strong></span> 
     </span>
     <span class='ocr_line' id='line_1_9' title="bbox 169 2283 1189 2351; baseline 0 -5"><span class='ocrx_word' id='word_1_46' title='bbox 169 2283 302 2347; x_wconf 77' lang='lat' dir='ltr'>extundi</span> <span class='ocrx_word' id='word_1_47' title='bbox 323 2285 477 2350; x_wconf 89' lang='lat' dir='ltr'><strong>ducentos</strong></span> <span class='ocrx_word' id='word_1_48' title='bbox 495 2289 635 2350; x_wconf 87' lang='lat' dir='ltr'><strong>florenos</strong></span> <span class='ocrx_word' id='word_1_49' title='bbox 654 2286 694 2350; x_wconf 86' lang='lat' dir='ltr'><strong>ab</strong></span> <span class='ocrx_word' id='word_1_50' title='bbox 714 2286 817 2351; x_wconf 86' lang='lat' dir='ltr'><strong>amicis</strong></span> <span class='ocrx_word' id='word_1_51' title='bbox 837 2285 970 2350; x_wconf 86' lang='lat' dir='ltr'><strong>Erasmi.</strong></span> <span class='ocrx_word' id='word_1_52' title='bbox 1018 2287 1060 2347; x_wconf 87' lang='lat' dir='ltr'><strong>Et</strong></span> <span class='ocrx_word' id='word_1_53' title='bbox 1078 2295 1189 2346; x_wconf 83' lang='lat' dir='ltr'><strong>extor-</strong></span> 
     </span>
     <span class='ocr_line' id='line_1_10' title="bbox 172 2382 1189 2467; baseline 0.003 -24"><span class='ocrx_word' id='word_1_54' title='bbox 172 2383 285 2455; x_wconf 80' lang='lat' dir='ltr'><strong>sissent</strong></span> <span class='ocrx_word' id='word_1_55' title='bbox 314 2384 447 2467; x_wconf 80' lang='lat' dir='ltr'><strong>aliquid,</strong></span> <span class='ocrx_word' id='word_1_56' title='bbox 486 2384 547 2449; x_wconf 92' lang='lat' dir='ltr'><strong>nisi</strong></span> <span class='ocrx_word' id='word_1_57' title='bbox 577 2385 756 2450; x_wconf 72' lang='lat' dir='ltr'><strong>obstitisset.</strong></span> <span class='ocrx_word' id='word_1_58' title='bbox 800 2388 884 2455; x_wconf 58' lang='lat' dir='ltr'><strong>,Nam</strong></span> <span class='ocrx_word' id='word_1_59' title='bbox 914 2382 1008 2447; x_wconf 79' lang='lat' dir='ltr'><strong>olfeci</strong></span> <span class='ocrx_word' id='word_1_60' title='bbox 1034 2387 1189 2447; x_wconf 79' lang='lat' dir='ltr'><strong>technam.</strong></span> 
     </span>
     <span class='ocr_line' id='line_1_11' title="bbox 169 2480 1190 2571; baseline -0.001 -22"><span class='ocrx_word' id='word_1_61' title='bbox 169 2480 440 2562; x_wconf 83' lang='lat' dir='ltr'><strong>Cum,viderent,</strong></span> <span class='ocrx_word' id='word_1_62' title='bbox 468 2485 544 2548; x_wconf 89' lang='lat' dir='ltr'><strong>nihil</strong></span> <span class='ocrx_word' id='word_1_63' title='bbox 574 2488 759 2571; x_wconf 82' lang='lat' dir='ltr'><strong>extorqueri</strong></span> <span class='ocrx_word' id='word_1_64' title='bbox 787 2507 900 2568; x_wconf 87' lang='lat' dir='ltr'><strong>posse,</strong></span> <span class='ocrx_word' id='word_1_65' title='bbox 926 2489 1030 2551; x_wconf 81' lang='lat' dir='ltr'><strong>saltem</strong></span> <span class='ocrx_word' id='word_1_66' title='bbox 1058 2497 1190 2566; x_wconf 84' lang='lat' dir='ltr'><strong>atypo·</strong></span> 
     </span>
     <span class='ocr_line' id='line_1_12' title="bbox 167 2584 1187 2668; baseline 0 -21"><span class='ocrx_word' id='word_1_67' title='bbox 167 2584 290 2666; x_wconf 78' lang='lat' dir='ltr'><strong>grapho</strong></span> <span class='ocrx_word' id='word_1_68' title='bbox 311 2585 480 2647; x_wconf 84' lang='lat' dir='ltr'><strong>votuerunt</strong></span> <span class='ocrx_word' id='word_1_69' title='bbox 501 2588 661 2668; x_wconf 87' lang='lat' dir='ltr'><strong>paululum</strong></span> <span class='ocrx_word' id='word_1_70' title='bbox 680 2589 842 2653; x_wconf 79' lang='lat' dir='ltr'><strong>abradere.</strong></span> <span class='ocrx_word' id='word_1_71' title='bbox 881 2590 1000 2650; x_wconf 85' lang='lat' dir='ltr'><strong>Neuter</strong></span> <span class='ocrx_word' id='word_1_72' title='bbox 1013 2585 1089 2648; x_wconf 82' lang='lat' dir='ltr'><strong>feeit</strong></span> <span class='ocrx_word' id='word_1_73' title='bbox 1109 2585 1187 2648; x_wconf 88' lang='lat' dir='ltr'><strong>odio</strong></span> 
     </span>
     <span class='ocr_line' id='line_1_13' title="bbox 166 2685 1187 2771; baseline -0.002 -21"><span class='ocrx_word' id='word_1_74' title='bbox 166 2685 248 2763; x_wconf 82' lang='lat' dir='ltr'><strong>nsei,</strong></span> <span class='ocrx_word' id='word_1_75' title='bbox 281 2706 354 2749; x_wconf 86' lang='lat' dir='ltr'><strong>cum</strong></span> <span class='ocrx_word' id='word_1_76' title='bbox 380 2686 420 2749; x_wconf 91' lang='lat' dir='ltr'><strong>de</strong></span> <span class='ocrx_word' id='word_1_77' title='bbox 450 2699 590 2771; x_wconf 77' lang='lat' dir='ltr'><strong>astroque</strong></span> <span class='ocrx_word' id='word_1_78' title='bbox 615 2688 675 2753; x_wconf 87' lang='lat' dir='ltr'><strong>sim</strong></span> <span class='ocrx_word' id='word_1_79' title='bbox 699 2689 782 2751; x_wconf 84' lang='lat' dir='ltr'><strong>berre</strong></span> <span class='ocrx_word' id='word_1_80' title='bbox 808 2687 958 2762; x_wconf 86' lang='lat' dir='ltr'><strong>meritus,</strong></span> <span class='ocrx_word' id='word_1_81' title='bbox 995 2686 1052 2749; x_wconf 90' lang='lat' dir='ltr'><strong>sed</strong></span> <span class='ocrx_word' id='word_1_82' title='bbox 1078 2705 1187 2748; x_wconf 85' lang='lat' dir='ltr'><strong>amore</strong></span> 
     </span>
     <span class='ocr_line' id='line_1_14' title="bbox 169 2787 1188 2873; baseline -0.004 -22"><span class='ocrx_word' id='word_1_83' title='bbox 169 2787 293 2869; x_wconf 74' lang='lat' dir='ltr'><strong>prode.</strong></span> <span class='ocrx_word' id='word_1_84' title='bbox 331 2789 424 2851; x_wconf 87' lang='lat' dir='ltr'><strong>Nunc</strong></span> <span class='ocrx_word' id='word_1_85' title='bbox 444 2787 483 2851; x_wconf 91' lang='lat' dir='ltr'><strong>ab</strong></span> <span class='ocrx_word' id='word_1_86' title='bbox 501 2788 567 2853; x_wconf 78' lang='lat' dir='ltr'><strong>aliis</strong></span> <span class='ocrx_word' id='word_1_87' title='bbox 590 2789 773 2873; x_wconf 86' lang='lat' dir='ltr'><strong>quibusdam</strong></span> <span class='ocrx_word' id='word_1_88' title='bbox 796 2794 998 2851; x_wconf 89' lang='lat' dir='ltr'><strong>extorserunt</strong></span> <span class='ocrx_word' id='word_1_89' title='bbox 1018 2797 1188 2848; x_wconf 85' lang='lat' dir='ltr'><strong>sexcentos</strong></span> 
     </span>
     <span class='ocr_line' id='line_1_15' title="bbox 168 2886 1187 2974; baseline -0.011 -17"><span class='ocrx_word' id='word_1_90' title='bbox 168 2891 309 2957; x_wconf 86' lang='lat' dir='ltr'><strong>florenos</strong></span> <span class='ocrx_word' id='word_1_91' title='bbox 328 2901 360 2952; x_wconf 86' lang='lat' dir='ltr'><strong>et</strong></span> <span class='ocrx_word' id='word_1_92' title='bbox 388 2889 524 2974; x_wconf 83' lang='lat' dir='ltr'><strong>triginta.</strong></span> <span class='ocrx_word' id='word_1_93' title='bbox 560 2891 717 2954; x_wconf 85' lang='lat' dir='ltr'><strong>Huttenus</strong></span> <span class='ocrx_word' id='word_1_94' title='bbox 733 2890 825 2952; x_wconf 86' lang='lat' dir='ltr'><strong>habet</strong></span> <span class='ocrx_word' id='word_1_95' title='bbox 840 2890 1005 2951; x_wconf 83' lang='lat' dir='ltr'><strong>ducentos.</strong></span> <span class='ocrx_word' id='word_1_96' title='bbox 1042 2886 1187 2961; x_wconf 86' lang='lat' dir='ltr'><strong>Juvenis,</strong></span> 
     </span>
     <span class='ocr_line' id='line_1_16' title="bbox 167 2988 1188 3073; baseline -0.003 -24"><span class='ocrx_word' id='word_1_97' title='bbox 167 2990 261 3070; x_wconf 85' lang='lat' dir='ltr'><strong>cujus</strong></span> <span class='ocrx_word' id='word_1_98' title='bbox 280 2988 408 3052; x_wconf 89' lang='lat' dir='ltr'><strong>nomine</strong></span> <span class='ocrx_word' id='word_1_99' title='bbox 429 2990 545 3054; x_wconf 87' lang='lat' dir='ltr'><strong>bellum</strong></span> <span class='ocrx_word' id='word_1_100' title='bbox 573 2990 737 3066; x_wconf 87' lang='lat' dir='ltr'><strong>indictum,</strong></span> <span class='ocrx_word' id='word_1_101' title='bbox 766 2989 1031 3073; x_wconf 82' lang='lat' dir='ltr'><strong>quadringentos:</strong></span> <span class='ocrx_word' id='word_1_102' title='bbox 1059 2990 1188 3069; x_wconf 86' lang='lat' dir='ltr'><strong>Eppen·</strong></span> 
     </span>
     <span class='ocr_line' id='line_1_17' title="bbox 168 3085 1185 3173; baseline -0.002 -23"><span class='ocrx_word' id='word_1_103' title='bbox 168 3090 300 3170; x_wconf 87' lang='lat' dir='ltr'><strong>dorpius</strong></span> <span class='ocrx_word' id='word_1_104' title='bbox 321 3091 441 3172; x_wconf 80' lang='lat' dir='ltr'><strong>legatus</strong></span> <span class='ocrx_word' id='word_1_105' title='bbox 461 3090 596 3173; x_wconf 81' lang='lat' dir='ltr'><strong>triginta.</strong></span> <span class='ocrx_word' id='word_1_106' title='bbox 634 3091 660 3152; x_wconf 87' lang='lat' dir='ltr'>F</span> <span class='ocrx_word' id='word_1_107' title='bbox 662 3092 726 3153; x_wconf 85' lang='lat' dir='ltr'><strong>avit</strong></span> <span class='ocrx_word' id='word_1_108' title='bbox 745 3092 828 3160; x_wconf 83' lang='lat' dir='ltr'><strong>alea,</strong></span> <span class='ocrx_word' id='word_1_109' title='bbox 861 3101 890 3151; x_wconf 87' lang='lat' dir='ltr'><strong>et</strong></span> <span class='ocrx_word' id='word_1_110' title='bbox 911 3091 974 3150; x_wconf 79' lang='lat' dir='ltr'><strong>bno</strong></span> <span class='ocrx_word' id='word_1_111' title='bbox 995 3110 1064 3152; x_wconf 88' lang='lat' dir='ltr'><strong>sors</strong></span> <span class='ocrx_word' id='word_1_112' title='bbox 1082 3085 1185 3148; x_wconf 85' lang='lat' dir='ltr'><strong>attulit</strong></span> 
     </span>
     <span class='ocr_line' id='line_1_18' title="bbox 168 3187 1188 3274; baseline 0.001 -25"><span class='ocrx_word' id='word_1_113' title='bbox 168 3187 198 3250; x_wconf 88' lang='lat' dir='ltr'><strong>ei</strong></span> <span class='ocrx_word' id='word_1_114' title='bbox 227 3190 350 3251; x_wconf 90' lang='lat' dir='ltr'><strong>lucrum</strong></span> <span class='ocrx_word' id='word_1_115' title='bbox 382 3192 563 3274; x_wconf 77' lang='lat' dir='ltr'><strong>nonaginta.</strong></span> <span class='ocrx_word' id='word_1_116' title='bbox 615 3191 670 3256; x_wconf 83' lang='lat' dir='ltr'><strong>Isti</strong></span> <span class='ocrx_word' id='word_1_117' title='bbox 703 3192 855 3253; x_wconf 84' lang='lat' dir='ltr'><strong>habentur</strong></span> <span class='ocrx_word' id='word_1_118' title='bbox 881 3190 931 3252; x_wconf 86' lang='lat' dir='ltr'><strong>hie</strong></span> <span class='ocrx_word' id='word_1_119' title='bbox 960 3211 1019 3269; x_wconf 90' lang='lat' dir='ltr'><strong>pro</strong></span> <span class='ocrx_word' id='word_1_120' title='bbox 1047 3187 1188 3252; x_wconf 85' lang='lat' dir='ltr'><strong>honestis</strong></span> 
     </span>
     <span class='ocr_line' id='line_1_19' title="bbox 168 3280 1188 3374; baseline 0.003 -25"><span class='ocrx_word' id='word_1_121' title='bbox 168 3288 255 3353; x_wconf 85' lang='lat' dir='ltr'><strong>viris.</strong></span> <span class='ocrx_word' id='word_1_122' title='bbox 292 3290 464 3372; x_wconf 76' lang='lat' dir='ltr'><strong>Spongiam</strong></span> <span class='ocrx_word' id='word_1_123' title='bbox 494 3311 610 3367; x_wconf 88' lang='lat' dir='ltr'><strong>meam,</strong></span> <span class='ocrx_word' id='word_1_124' title='bbox 644 3314 706 3374; x_wconf 82' lang='lat' dir='ltr'><strong>qua</strong></span> <span class='ocrx_word' id='word_1_125' title='bbox 725 3293 868 3353; x_wconf 88' lang='lat' dir='ltr'><strong>Hutteno</strong></span> <span class='ocrx_word' id='word_1_126' title='bbox 894 3280 1095 3370; x_wconf 82' lang='lat' dir='ltr'><strong>respondeo,</strong></span> <span class='ocrx_word' id='word_1_127' title='bbox 1121 3286 1188 3369; x_wconf 86' lang='lat' dir='ltr'><strong>jam</strong></span> 
     </span>
     <span class='ocr_line' id='line_1_20' title="bbox 167 3391 1189 3476; baseline -0.008 -19"><span class='ocrx_word' id='word_1_128' title='bbox 167 3409 256 3471; x_wconf 78' lang='lat' dir='ltr'><strong>paene</strong></span> <span class='ocrx_word' id='word_1_129' title='bbox 285 3391 414 3453; x_wconf 83' lang='lat' dir='ltr'><strong>excudit</strong></span> <span class='ocrx_word' id='word_1_130' title='bbox 443 3401 624 3459; x_wconf 81' lang='lat' dir='ltr'><strong>Frobenius.</strong></span> <span class='ocrx_word' id='word_1_131' title='bbox 674 3394 783 3476; x_wconf 85' lang='lat' dir='ltr'><strong>ltaque</strong></span> <span class='ocrx_word' id='word_1_132' title='bbox 812 3410 884 3455; x_wconf 90' lang='lat' dir='ltr'><strong>sero</strong></span> <span class='ocrx_word' id='word_1_133' title='bbox 910 3409 1030 3452; x_wconf 84' lang='lat' dir='ltr'><strong>mones.</strong></span> <span class='ocrx_word' id='word_1_134' title='bbox 1070 3392 1189 3468; x_wconf 82' lang='lat' dir='ltr'><strong>Quam·</strong></span> 
     </span>
     <span class='ocr_line' id='line_1_21' title="bbox 92 3489 1187 3577; baseline -0.004 -23"><span class='ocrx_word' id='word_1_135' title='bbox 92 3501 97 3510; x_wconf 86' lang='lat'>&#39;</span> <span class='ocrx_word' id='word_1_136' title='bbox 170 3494 456 3576; x_wconf 87' lang='lat' dir='ltr'><strong>quamrcspondeo</strong></span> <span class='ocrx_word' id='word_1_137' title='bbox 469 3496 679 3577; x_wconf 86' lang='lat' dir='ltr'><strong>contemptim.</strong></span> <span class='ocrx_word' id='word_1_138' title='bbox 697 3533 729 3545; x_wconf 90' lang='lat'><em>-</em></span> <span class='ocrx_word' id='word_1_139' title='bbox 751 3527 787 3539; x_wconf 88' lang='lat'><em>—</em></span> <span class='ocrx_word' id='word_1_140' title='bbox 808 3526 840 3538; x_wconf 93' lang='lat'>-</span> <span class='ocrx_word' id='word_1_141' title='bbox 855 3499 1020 3569; x_wconf 74' lang='lat' dir='ltr'><strong>Eusebius,</strong></span> <span class='ocrx_word' id='word_1_142' title='bbox 1042 3489 1187 3552; x_wconf 86' lang='lat' dir='ltr'><strong>Hutteno</strong></span> 
     </span>
     <span class='ocr_line' id='line_1_22' title="bbox 167 3592 1189 3677; baseline -0.002 -22"><span class='ocrx_word' id='word_1_143' title='bbox 167 3592 339 3669; x_wconf 63' lang='lat' dir='ltr'><strong>siriasim,</strong></span> <span class='ocrx_word' id='word_1_144' title='bbox 359 3615 483 3677; x_wconf 87' lang='lat' dir='ltr'><strong>semper</strong></span> <span class='ocrx_word' id='word_1_145' title='bbox 503 3617 522 3657; x_wconf 85' lang='lat' dir='ltr'><strong>a</strong></span> <span class='ocrx_word' id='word_1_146' title='bbox 539 3616 591 3658; x_wconf 89' lang='lat' dir='ltr'><strong>me</strong></span> <span class='ocrx_word' id='word_1_147' title='bbox 610 3597 770 3669; x_wconf 83' lang='lat' dir='ltr'><strong>laudatus,</strong></span> <span class='ocrx_word' id='word_1_148' title='bbox 795 3605 827 3654; x_wconf 90' lang='lat' dir='ltr'><strong>et</strong></span> <span class='ocrx_word' id='word_1_149' title='bbox 846 3592 1020 3654; x_wconf 85' lang='lat' dir='ltr'><strong>humaniter</strong></span> <span class='ocrx_word' id='word_1_150' title='bbox 1039 3596 1189 3673; x_wconf 75' lang='lat' dir='ltr'><strong>acceptus</strong></span> 
     </span>
     <span class='ocr_line' id='line_1_23' title="bbox 169 3689 1188 3770; baseline -0.005 -14"><span class='ocrx_word' id='word_1_151' title='bbox 169 3692 317 3768; x_wconf 68' lang='lat' dir='ltr'><strong>Basileia,</strong></span> <span class='ocrx_word' id='word_1_152' title='bbox 338 3705 424 3758; x_wconf 83' lang='lat' dir='ltr'><strong>certe</strong></span> <span class='ocrx_word' id='word_1_153' title='bbox 443 3696 530 3757; x_wconf 87' lang='lat' dir='ltr'><strong>nullo</strong></span> <span class='ocrx_word' id='word_1_154' title='bbox 550 3696 649 3759; x_wconf 87' lang='lat' dir='ltr'><strong>verbo</strong></span> <span class='ocrx_word' id='word_1_155' title='bbox 670 3715 749 3759; x_wconf 87' lang='lat' dir='ltr'><strong>ame</strong></span> <span class='ocrx_word' id='word_1_156' title='bbox 771 3696 876 3770; x_wconf 77' lang='lat' dir='ltr'><strong>lesus,</strong></span> <span class='ocrx_word' id='word_1_157' title='bbox 898 3690 1045 3768; x_wconf 75' lang='lat' dir='ltr'><strong>excudit,</strong></span> <span class='ocrx_word' id='word_1_158' title='bbox 1064 3689 1188 3767; x_wconf 88' lang='lat' dir='ltr'><strong>nescio,</strong></span> 
     </span>
     <span class='ocr_line' id='line_1_24' title="bbox 169 3788 1190 3877; baseline -0.002 -23"><span class='ocrx_word' id='word_1_159' title='bbox 169 3792 246 3875; x_wconf 84' lang='lat' dir='ltr'><strong>quid</strong></span> <span class='ocrx_word' id='word_1_160' title='bbox 266 3793 298 3854; x_wconf 89' lang='lat' dir='ltr'><strong>in</strong></span> <span class='ocrx_word' id='word_1_161' title='bbox 321 3813 386 3868; x_wconf 89' lang='lat' dir='ltr'><strong>me,</strong></span> <span class='ocrx_word' id='word_1_162' title='bbox 408 3795 497 3877; x_wconf 86' lang='lat' dir='ltr'><strong>quod</strong></span> <span class='ocrx_word' id='word_1_163' title='bbox 512 3793 652 3859; x_wconf 79' lang='lat' dir='ltr'><strong>fortassis</strong></span> <span class='ocrx_word' id='word_1_164' title='bbox 670 3794 770 3858; x_wconf 82' lang='lat' dir='ltr'><strong>exibit</strong></span> <span class='ocrx_word' id='word_1_165' title='bbox 781 3794 866 3858; x_wconf 87' lang='lat' dir='ltr'><strong>hisce</strong></span> <span class='ocrx_word' id='word_1_166' title='bbox 888 3791 1047 3856; x_wconf 87' lang='lat' dir='ltr'><strong>nundinis.</strong></span> <span class='ocrx_word' id='word_1_167' title='bbox 1065 3788 1190 3868; x_wconf 84' lang='lat' dir='ltr'><strong>Hujus-</strong></span> 
     </span>
     <span class='ocr_line' id='line_1_25' title="bbox 168 3891 1189 3977; baseline 0 -23"><span class='ocrx_word' id='word_1_168' title='bbox 168 3891 256 3955; x_wconf 88' lang='lat' dir='ltr'><strong>modi</strong></span> <span class='ocrx_word' id='word_1_169' title='bbox 283 3892 449 3955; x_wconf 81' lang='lat' dir='ltr'><strong>conciliant</strong></span> <span class='ocrx_word' id='word_1_170' title='bbox 475 3915 540 3957; x_wconf 92' lang='lat' dir='ltr'><strong>non</strong></span> <span class='ocrx_word' id='word_1_171' title='bbox 568 3897 715 3977; x_wconf 82' lang='lat' dir='ltr'><strong>optimam</strong></span> <span class='ocrx_word' id='word_1_172' title='bbox 741 3897 854 3960; x_wconf 79' lang='lat' dir='ltr'><strong>samam</strong></span> <span class='ocrx_word' id='word_1_173' title='bbox 880 3894 1064 3958; x_wconf 70' lang='lat' dir='ltr'><strong>Germanias.</strong></span> <span class='ocrx_word' id='word_1_174' title='bbox 1102 3891 1189 3955; x_wconf 86' lang='lat' dir='ltr'><strong>Nihil</strong></span> 
     </span>
     <span class='ocr_line' id='line_1_26' title="bbox 168 3992 1189 4075; baseline 0 -21"><span class='ocrx_word' id='word_1_175' title='bbox 168 3992 323 4055; x_wconf 87' lang='lat' dir='ltr'><strong>stolidius.</strong></span> <span class='ocrx_word' id='word_1_176' title='bbox 380 3993 545 4075; x_wconf 89' lang='lat' dir='ltr'><strong>Principes</strong></span> <span class='ocrx_word' id='word_1_177' title='bbox 589 4017 697 4060; x_wconf 87' lang='lat' dir='ltr'><strong>omnes</strong></span> <span class='ocrx_word' id='word_1_178' title='bbox 733 3998 896 4059; x_wconf 83' lang='lat' dir='ltr'><strong>hortantur</strong></span> <span class='ocrx_word' id='word_1_179' title='bbox 933 3995 967 4058; x_wconf 88' lang='lat' dir='ltr'><strong>in</strong></span> <span class='ocrx_word' id='word_1_180' title='bbox 999 3994 1189 4056; x_wconf 86' lang='lat' dir='ltr'><strong>Luthcrum.</strong></span> 
     </span>
     <span class='ocr_line' id='line_1_27' title="bbox 166 4095 1274 4180; baseline -0.003 -24"><span class='ocrx_word' id='word_1_181' title='bbox 166 4095 239 4176; x_wconf 79' lang='lat' dir='ltr'><strong>Ego</strong></span> <span class='ocrx_word' id='word_1_182' title='bbox 256 4104 358 4157; x_wconf 83' lang='lat' dir='ltr'><strong>autem</strong></span> <span class='ocrx_word' id='word_1_183' title='bbox 370 4115 437 4157; x_wconf 89' lang='lat' dir='ltr'><strong>non</strong></span> <span class='ocrx_word' id='word_1_184' title='bbox 448 4095 599 4172; x_wconf 86' lang='lat' dir='ltr'><strong>scribam,</strong></span> <span class='ocrx_word' id='word_1_185' title='bbox 620 4109 674 4159; x_wconf 85' lang='lat' dir='ltr'><strong>aut</strong></span> <span class='ocrx_word' id='word_1_186' title='bbox 689 4096 732 4159; x_wconf 83' lang='lat' dir='ltr'><strong>ita</strong></span> <span class='ocrx_word' id='word_1_187' title='bbox 751 4095 902 4170; x_wconf 84' lang='lat' dir='ltr'><strong>scribam,</strong></span> <span class='ocrx_word' id='word_1_188' title='bbox 922 4109 959 4157; x_wconf 89' lang='lat' dir='ltr'><strong>ut</strong></span> <span class='ocrx_word' id='word_1_189' title='bbox 976 4095 1032 4180; x_wconf 83' lang='lat' dir='ltr'><strong>qui</strong></span> <span class='ocrx_word' id='word_1_190' title='bbox 1045 4107 1190 4175; x_wconf 86' lang='lat' dir='ltr'><strong>pugnam</strong></span> <span class='ocrx_word' id='word_1_191' title='bbox 1263 4158 1274 4167; x_wconf 62' lang='lat'>‚</span> 
     </span>
    </p>
   </div>
   <div class='ocr_carea' id='block_1_4' title="bbox 166 4195 1187 4378">
    <p class='ocr_par' dir='ltr' id='par_1_4' title="bbox 166 4195 1187 4378">
     <span class='ocr_line' id='line_1_28' title="bbox 166 4195 1187 4280; baseline -0.003 -21"><span class='ocrx_word' id='word_1_192' title='bbox 166 4218 226 4280; x_wconf 87' lang='lat' dir='ltr'><strong>pro</strong></span> <span class='ocrx_word' id='word_1_193' title='bbox 252 4217 353 4278; x_wconf 79' lang='lat' dir='ltr'><strong>regno</strong></span> <span class='ocrx_word' id='word_1_194' title='bbox 375 4196 575 4275; x_wconf 80' lang='lat' dir='ltr'><strong>Pharisaico,</strong></span> <span class='ocrx_word' id='word_1_195' title='bbox 602 4196 726 4275; x_wconf 86' lang='lat' dir='ltr'><strong>malint,</strong></span> <span class='ocrx_word' id='word_1_196' title='bbox 755 4217 805 4258; x_wconf 88' lang='lat' dir='ltr'><strong>mc</strong></span> <span class='ocrx_word' id='word_1_197' title='bbox 825 4196 957 4259; x_wconf 82' lang='lat' dir='ltr'><strong>siluisse.</strong></span> <span class='ocrx_word' id='word_1_198' title='bbox 996 4199 1084 4259; x_wconf 88' lang='lat' dir='ltr'><strong>Bene</strong></span> <span class='ocrx_word' id='word_1_199' title='bbox 1104 4195 1187 4256; x_wconf 84' lang='lat' dir='ltr'><strong>vale.</strong></span> 
     </span>
     <span class='ocr_line' id='line_1_29' title="bbox 171 4296 396 4378; baseline -0.004 -18"><span class='ocrx_word' id='word_1_200' title='bbox 171 4297 200 4360; x_wconf 68' lang='lat' dir='ltr'><strong>d.</strong></span> <span class='ocrx_word' id='word_1_201' title='bbox 221 4296 289 4360; x_wconf 77' lang='lat' dir='ltr'><strong>Cat.</strong></span> <span class='ocrx_word' id='word_1_202' title='bbox 311 4299 396 4378; x_wconf 83' lang='lat' dir='ltr'><strong>Sept.</strong></span> 
     </span>
    </p>
   </div>
   <div class='ocr_carea' id='block_1_5' title="bbox 753 4400 1019 4456">
    <p class='ocr_par' dir='ltr' id='par_1_5' title="bbox 753 4400 1019 4456">
     <span class='ocr_line' id='line_1_30' title="bbox 753 4400 1019 4456; baseline -0.008 0"><span class='ocrx_word' id='word_1_203' title='bbox 753 4400 910 4456; x_wconf 83' lang='lat' dir='ltr'><strong>Erasmus</strong></span> <span class='ocrx_word' id='word_1_204' title='bbox 938 4406 1019 4456; x_wconf 82' lang='lat' dir='ltr'><strong>tuas.</strong></span> 
     </span>
    </p>
   </div>
   <div class='ocr_carea' id='block_1_6' title="bbox 613 4542 752 4563">
    <p class='ocr_par' dir='ltr' id='par_1_6' title="bbox 613 4542 752 4563">
     <span class='ocr_line' id='line_1_31' title="bbox 613 4542 752 4563; baseline -0.014 0"><span class='ocrx_word' id='word_1_205' title='bbox 613 4542 752 4563; x_wconf 49' lang='lat'><strong>*—</strong></span> 
     </span>
    </p>
   </div>
   <div class='ocr_carea' id='block_1_7' title="bbox 0 0 1314 5108">
    <p class='ocr_par' dir='ltr' id='par_1_7' title="bbox 0 0 1314 5108">
     <span class='ocr_line' id='line_1_32' title="bbox 0 0 1314 5108; baseline 0 0"><span class='ocrx_word' id='word_1_206' title='bbox 0 0 1314 5108; x_wconf 95' lang='lat' dir='ltr'><strong> </strong></span> 
     </span>
    </p>
   </div>
  </div>
 </body>
</html>
