2588 5048
156 1273 325 1346 Uirichus
351 1277 397 1347 ab
421 1274 562 1347 Hutten
588 1275 713 1370 Equos
730 1277 1001 1372 Cardinalibus,
1027 1280 1181 1378 Episco-

156 1412 233 1512 pis‚
266 1414 489 1508 abbatibus,
523 1415 736 1513 Praepositis
771 1427 809 1488 et
846 1417 1018 1492 universo
1059 1445 1182 1494 sacer·

150 1554 280 1626 dotum
330 1554 511 1645 concili0‚
565 1552 769 1627 Lutlierrrm
813 1566 851 1628 ct
909 1558 1125 1636 Christianae
1143 1563 1180 1646 ⁴)

232 1691 399 1764 veritatis
424 1716 570 1764 causam
595 1693 694 1789 apud
719 1694 965 1769 Wormatiam
991 1721 1089 1769 nunc

381 1833 678 1929 impugnantibus
703 1831 933 1930 resipiscere.

142 2220 186 2313 Si
218 2273 276 2334 per
301 2249 562 2313 machinationem
580 2247 670 2312 istam
694 2263 848 2329 vestram,
880 2277 944 2338 qua
973 2267 1076 2322 tutum
1103 2280 1172 2335 non

140 2363 209 2426 est,
240 2353 325 2414 inter
353 2350 496 2414 homines
519 2350 640 2424 versari
659 2352 770 2428 nobis,
801 2355 958 2432 licuisset,
990 2379 1060 2442 que
1086 2379 1173 2427 nunc
1265 2355 1266 2359 ¹

141 2453 262 2528 scribo,
286 2473 395 2515 coram
413 2451 481 2513 istic
495 2451 544 2528 *’)
576 2450 704 2516 auribus
729 2475 844 2538 magno
877 2457 980 2519 animo
1000 2469 1032 2530 et
1053 2461 1173 2544 optim·

141 2552 334 2616 conscientia
360 2553 573 2635 ingessissem.
619 2553 713 2615 Nunc
740 2554 816 2638 quia
841 2577 900 2619 vos
920 2550 1172 2640 perpotentiam

139 2654 238 2718 video
258 2655 435 2737 equitatem
455 2654 653 2738 opprimere,
682 2669 715 2716 et
734 2656 822 2736 leges
841 2661 1047 2735 conculcare,
1068 2661 1172 2725 conti·

99 2757 102 2763 ’
137 2758 224 2820 nebo
253 2755 450 2838 praesentiam
491 2754 620 2839 quidem
651 2774 753 2817 meam
781 2777 800 2817 a
828 2757 942 2835 vobis,
983 2743 1170 2836 sententiam

65 2848 67 2852 ⁷
137 2868 241 2921 tamen
261 2868 293 2920 et
312 2858 448 2919 veritatis
467 2855 682 2919 testimonium
695 2876 766 2929 non
786 2856 969 2920 continebo.
1009 2858 1073 2946 Qui
1092 2881 1169 2942 pos·

136 2980 205 3035 sem
224 2955 327 3033 enim,
348 2957 400 3019 cui
420 2954 620 3038 propositum
639 2966 703 3032 est,
737 2957 764 3018 si
784 2957 984 3022 moriendum
1003 2959 1096 3038 ctiam
1115 2961 1167 3042 sit,

134 3080 203 3133 non
223 3060 335 3121 deesse
355 3057 493 3139 aequitati
510 3067 542 3119 et
560 3077 621 3136 pro
636 3055 739 3135 patria¹
750 3056 892 3120 libertate
909 3070 1018 3122 contra
1033 3044 1165 3142 oppres·

134 3180 226 3224 rores
240 3171 275 3236 yet
287 3171 454 3239 tyrannos,
474 3158 514 3220 ad
527 3156 669 3220 ultimum
680 3178 784 3241 usque
796 3158 939 3237 spiritum
955 3161 1164 3246 depugnare?

133 3262 250 3344 Neque
275 3261 336 3321 hoc
364 3269 500 3332 tantum,
534 3258 591 3320 ubi
611 3259 721 3319 adme
744 3264 854 3341 (quem
872 3262 979 3322 neseio
1000 3244 1052 3338 cui
1072 3283 1165 3343 nm

135 3361 300 3424 calamitati
312 3359 479 3422 reservatis
488 3358 603 3434 uunc‚)
625 3358 877 3435 ventumfuerit‚
899 3361 956 3422 sed
967 3363 1016 3422 vel
1027 3361 1163 3426 maxime

131 3460 212 3544 jem,
245 3463 373 3545 quando
402 3471 588 3527 Martinam
623 3471 815 3536 Luthernm,
850 3463 1007 3534 hominem
1040 3463 1105 3523 vita
1129 3473 1163 3526 et

136 3549 282 3627 moribus
302 3564 347 3627 sic
367 3563 551 3643 probatum,
579 3572 676 3624 utne
696 3561 735 3645 ab
755 3559 887 3624 inimicis
908 3561 1036 3643 quidem
1056 3561 1161 3642 robis)

132 3661 328 3744 improbatus
349 3665 451 3726 adhue
463 3647 512 3725 ibi
527 3661 583 3737 sit,
604 3660 841 3742 praedicatorem
854 3661 995 3733 veritatis
1013 3672 1044 3723 et
1064 3684 1161 3726 eran·

133 3763 240 3843 geticae
260 3765 412 3827 doctrine
438 3742 689 3844 dispensatorem
715 3761 949 3837 fidelissimum,
979 3784 1037 3844 per
1057 3765 1160 3850 scelus

132 3877 166 3927 et
184 3865 401 3948 iniquitatem,
421 3855 528 3946 adfligi
541 3885 565 3943 a
576 3863 683 3938 vobis,
704 3861 833 3925 lacerari
850 3849 1044 3943 creancet-pi
1057 3864 1161 3939 video.

133 3965 196 4030 Ubi
224 3967 374 4048 egregios
402 3967 505 4031 habeo
535 3955 772 4030 concertatores
796 3984 874 4038 ros,
908 3960 965 4044 qui
992 3963 1158 4044 desperata

131 4067 423 4152 probatissimarum
431 4065 658 4148 seripturarum
671 4061 857 4138 autorieate,
879 4062 971 4126 diffisi
989 4063 1159 4142 rationeet

165 4303 195 4372 ⁴)
217 4314 385 4357 ctrtsrtnnoe:
403 4307 548 4367 netgesetzr.
582 4298 627 4368 ¹¹⁸)
648 4308 700 4353 var
710 4308 806 4352 coram:
824 4305 920 4358 eererlr
931 4303 1155 4365 aurengcnncnen,

212 4399 259 4443 und
277 4401 336 4445 estre
355 4397 415 4442 narn
432 4409 512 4442 coram
530 4398 634 4452 genter.
