2618 5108
927 41 933 59 b

264 557 272 567 ι

579 786 769 888 Dialogus.
1123 791 1189 869 1³9

552 983 809 1048 Franciscus.

235 1083 279 1144 Et
297 1083 526 1163 permittemus.
573 1087 637 1154 Sed
660 1082 829 1147 consuevit
847 1082 937 1146 Deus
961 1081 1127 1146 hominum
1145 1082 1193 1146 uti

159 1182 353 1259 ministerio,
395 1186 522 1268 quoties
560 1186 723 1266 punienda
757 1186 912 1246 mulorum
950 1187 1070 1246 scelera
1106 1193 1193 1247 sunt.

156 1285 224 1348 llos
244 1283 384 1367 prompti
411 1286 470 1366 ipsi
499 1286 644 1373 quidem,
676 1287 734 1352 sed
760 1285 841 1354 illius
869 1286 984 1374 proctd
1016 1285 1114 1348 dubio
1143 1284 1192 1347 in·

158 1387 292 1463 stinctu,
314 1386 486 1471 offerimus.

572 1482 769 1548 Munitor.

233 1579 334 1658 Quod
354 1591 385 1641 te
405 1581 532 1645 minime
552 1583 654 1647 decet.
698 1585 779 1647 Nam
798 1579 1027 1645 ecclesiasticos
1046 1578 1191 1646 homines

153 1677 314 1759 inspicere
342 1702 435 1746 suum
462 1697 590 1760 statum,
622 1696 655 1747 et
684 1705 816 1759 curare,
848 1681 955 1765 siquid
986 1682 1108 1743 laborat
1135 1680 1191 1759 ibi,

153 1802 281 1865 equum
302 1793 365 1857 est;
387 1795 418 1849 te
432 1793 557 1851 'laicum
577 1786 625 1849 las
646 1797 791 1859 nonest,
815 1805 903 1852 sacra
921 1794 1133 1848 contrectare.

541 1903 801 1971 Franciscus.

229 2002 289 2066 Me
308 2002 439 2088 quidem
457 2003 531 2067 nihtt
552 2017 677 2082 movet,
698 2005 826 2090 quo-sb
844 2003 904 2066 illis
922 2023 1023 2066 vocer
1042 2001 1188 2077 nomine3

152 2125 347 2188 quamquam
367 2104 537 2190 aliquando
553 2107 720 2182 rationem,
744 2117 840 2188 puto,
863 2105 1015 2177 reddent,
1036 2101 1068 2165 in
1082 2113 1189 2183 partes

154 2205 252 2269 divisi
285 2206 325 2268 ab
355 2227 389 2267 se
417 2206 529 2288 populi
557 2206 740 2271 Christiani.
789 2207 891 2270 Valde
912 2219 1017 2269 autem
1037 2205 1187 2284 despero,

151 2304 226 2370 lore
245 2318 281 2369 nt
301 2306 470 2389 inspiciunt
489 2329 524 2370 se
545 2307 613 2385 istl,
651 2309 702 2372 vel
725 2309 911 2384 emendent,
943 2328 1016 2372 eum
1036 2306 1126 2390 quod
1145 2303 1190 2367 ob

151 2407 265 2490 priora
284 2411 406 2472 scelera
425 2410 621 2473 credendum
639 2423 703 2486 est,
731 2431 799 2472 non
817 2410 976 2473 lecturum
996 2409 1034 2470 iis
1055 2408 1189 2491 gratiam

151 2500 333 2586 Christum,
363 2508 427 2592 jam
453 2523 488 2574 ut
514 2522 710 2595 cognoscant
738 2533 792 2587 se,
819 2531 932 2574 verum
961 2507 1062 2590 magis
1087 2512 1189 2574 multo

149 2611 397 2692 permissurum,
431 2633 473 2674 ne
494 2612 646 2691 scientes,
674 2613 708 2676 in
727 2634 786 2677 sua
811 2611 870 2675 ista
888 2610 1113 2694 incogitantia,
1134 2633 1188 2674 su·

148 2710 279 2793 pinitute
297 2725 330 2774 et
348 2714 565 2791 eaeoutisntis,
585 2726 621 2778 ut
640 2726 792 2799 pereant,
810 2724 878 2775 turn
897 2713 987 2795 quod
1008 2734 1082 2776 raro
1098 2715 1187 2778 vide·

130 2835 238 2890 mus,
266 2813 545 2895 periculosissimis
576 2816 633 2899 qui
662 2826 812 2880 tenentur
831 2814 969 2888 morbis,
998 2813 1187 2879 medicinam

147 2913 238 2995 ipsos
257 2915 319 2979 sibi
340 2916 458 2979 lucere.
510 2919 618 2999 Quare
650 2918 736 2980 bunc
757 2914 874 2997 opinor
900 2915 1036 2978 inditum
1056 2915 1188 2979 nobiss

145 3015 221 3080 Deo
249 3016 413 3099 spiritum,
445 3029 481 3080 ut
511 3017 561 3081 rei
594 3037 683 3099 pune
711 3018 882 3098 deplorate
911 3015 1061 3079 ministris
1092 3016 1187 3081 nobis

144 3118 303 3180 consulat.
344 3118 460 3202 Neque
487 3119 572 3182 enim
602 3129 781 3201 spectamus
807 3117 853 3185 itu
880 3138 951 3207 que
970 3129 1081 3181 nostra
1098 3129 1185 3197 sunt,

144 3218 204 3287 ted
220 3241 292 3308 quae
313 3216 452 3299 Christi,
472 3222 654 3308 querimus.

564 3338 767 3400 Monitor.

136 3450 140 3456 '
221 3437 285 3502 Ubi
305 3438 425 3502 utinam
445 3438 571 3517 videas,
607 3445 671 3529 qul
696 3449 728 3501 te
747 3438 832 3501 ultro
852 3437 1032 3503 difficultate
1051 3437 1185 3523 impedi·
1237 3511 1241 3519 ,

146 3547 212 3604 tum
232 3539 360 3605 reddas.

538 3618 795 3681 Franciscns.

213 3694 399 3782 ‘Difficultas
418 3729 486 3796 est,
507 3720 564 3782 sed
587 3719 786 3782 obluctsbor.

566 3836 763 3900 Monitor.

218 3937 262 4001 Et
281 3939 461 4022 periculum
480 3951 539 4003 est.

530 4057 787 4123 Francisous.

145 4176 150 4183 “
217 4155 439 4240 Perrumpsm.

559 4252 760 4315 Monito'r.

216 4349 251 4412 Si
271 4351 402 4435 quidem
421 4353 540 4434 possis,
563 4364 594 4416 et
615 4353 776 4438 integrum
795 4354 858 4417 hoe
874 4350 931 4416 uui
943 4357 1078 4416 maneat.
1099 4345 1181 4408 Nam

135 4448 215 4516 mibi
234 4471 428 4538 permagnus
447 4456 481 4521 iu
502 4475 538 4518 re
558 4465 662 4518 metus
681 4466 741 4519 est.
1239 4457 1242 4464 '
