2618 5108
173 836 245 910 260
458 833 500 906 In
527 830 731 909 Concilium
755 834 900 912 Worm.

174 1012 335 1106 doctrina,
356 1016 415 1091 ror
438 1019 547 1112 quiin
565 1026 660 1109 copia
679 1037 712 1089 ct
730 1028 826 1105 luxu,
848 1027 880 1090 in
898 1029 1014 1110 stupris
1031 1042 1063 1093 et
1075 1031 1201 1116 flagitii·

173 1128 278 1209 rupini
290 1128 501 1205 decubantes,
518 1140 638 1191 etatem
649 1130 769 1210 degere
778 1131 1005 1207 consuevistis,
1024 1135 1201 1213 periculum

170 1230 265 1293 vobis
283 1231 427 1296 futurum
448 1229 627 1314 intelligitis.
666 1232 781 1314 Neque
794 1252 859 1292 non
873 1230 944 1294 erit.
983 1238 1091 1313 Quare
1105 1236 1201 1300 etiam

169 1332 268 1395 libros
298 1331 389 1413 ejus,
422 1332 535 1415 picnoa
568 1329 670 1393 omnis
696 1332 804 1412 proba
842 1332 1065 1411 institutionis,
1104 1339 1198 1402 exuri

167 1435 282 1516 passim
301 1437 452 1510 curastis,
472 1453 648 1516 eorumque
668 1433 805 1494 lectione
819 1435 956 1497 humano
973 1438 1084 1515 generi
1101 1439 1199 1502 iuter·

166 1537 286 1613 dicitis,
317 1535 579 1619 manifestamque
599 1549 711 1596 vestrm
730 1536 900 1598 voluntatis
931 1537 1198 1617 significationem

165 1638 263 1716 datis,
292 1659 412 1720 cupere
439 1658 520 1713 vos,
551 1658 612 1699 nec
641 1636 769 1721 ingenia
799 1658 869 1699 esse
896 1641 928 1700 in
949 1639 1135 1717 Gennania,
1164 1655 1196 1706 et

165 1741 314 1805 virtutem
340 1760 467 1802 omnem
492 1747 673 1819 depressam
699 1749 794 1821 atque
820 1737 1000 1800 extinctam.
1052 1743 1115 1804 Ubi
1134 1760 1195 1808 tam

162 1842 320 1927 piacidum
347 1853 396 1904 cst
426 1839 605 1923 ingenium,
647 1842 737 1922 quod
767 1851 827 1901 tam
855 1851 948 1903 atrox
974 1841 1091 1921 injuria
1126 1869 1193 1909 non

154 1943 338 2007 accendat?
385 1945 490 2020 Quem
520 1940 691 2024 reliquistis
711 1942 856 2002 ulteriori
876 1940 1035 2024 iniquitati
1059 1948 1195 2010 iocum?

160 2044 376 2110 obtenebrata
392 2042 452 2126 jam
465 2043 520 2107 diu
531 2047 645 2106 veritas
659 2041 729 2116 init,
748 2053 779 2103 et
797 2042 964 2105 obscurata
979 2043 1094 2109 Christi
1113 2051 1191 2111 doc·

157 2145 258 2222 trina,
275 2147 340 2208 hac
359 2143 509 2208 divinitus
528 2146 642 2207 oborta
658 2145 712 2204 lux
729 2155 792 2219 est,
811 2163 870 2206 voa
883 2146 1119 2227 extinguitis.*)
1138 2153 1190 2213 En

154 2259 299 2330 pastores
312 2244 497 2309 Christianae
509 2242 620 2325 piebis,
642 2265 724 2324 quos
739 2264 811 2305 cum
825 2265 919 2307 orare
935 2247 1056 2324 deccat,
1074 2261 1109 2310 ut
1123 2273 1191 2313 ser·

155 2368 209 2410 mo
234 2345 354 2408 domini
371 2356 477 2406 currat
494 2356 525 2406 et
539 2344 750 2425 glorificetur,
771 2345 1031 2425 impedimentum
1043 2350 1188 2429 objicere

152 2448 198 2510 iili
217 2446 384 2540 videmua3
401 2457 433 2508 ct
452 2445 592 2506 dedecus
611 2445 764 2506 admoliri.
803 2447 949 2526 Inspiciat
972 2450 1036 2510 hacc
1062 2452 1102 2512 ab
1122 2456 1187 2516 atto

155 2559 301 2633 tervator
321 2546 481 2625 Christus,
502 2560 534 2609 et
553 2547 691 2625 judicet,
720 2548 912 2631 tandemque
932 2551 1060 2627 efficiat,
1094 2564 1131 2615 ut
1151 2556 1186 2619 iu

147 2649 256 2734 'dapita
274 2649 505 2713 invenientium
524 2659 731 2730 regerantnr,
764 2659 825 2710 tam
846 2670 949 2726 nova,
976 2664 1038 2714 tam
1058 2653 1185 2720 insolita

146 2751 278 2816 sceleris
299 2762 332 2814 et
350 2750 552 2833 impudentia
572 2752 734 2830 exempla,
755 2751 812 2812 sed
829 2752 928 2814 unctis
947 2754 1039 2814 vobis
1057 2767 1089 2816 et
1105 2777 1184 2819 con·

144 2854 295 2953 decretis,
327 2874 456 2916 manum
487 2851 631 2914 admetiri
658 2871 754 2913 nemo
784 2852 890 2914 audet.
946 2854 1009 2916 Ubi
1046 2859 1181 2936 pulchro

147 2964 304 3039 praetextu
328 2953 428 3017 verba
456 2954 580 3031 new)
608 2970 642 3016 et
668 2973 763 3015 sacra
789 2953 951 3033 scriptume
979 2957 1181 3025 autoritatem

144 3054 197 3118 til
203 3056 336 3147 tutelam
366 3055 523 3118 scelerum
550 3065 582 3116 et
611 3054 732 3117 fraudis
764 3071 875 3119 vestra
894 3059 1113 3142 detorquetis,
1144 3070 1180 3124 et

145 3154 232 3237 duni
245 3155 391 3237 religioni
420 3174 577 3240 nusquam
603 3167 711 3218 vestro
731 3155 853 3239 ubique
881 3160 971 3222 lucro
993 3163 1177 3241 consulatis,

143 3252 309 3339 'refigionis
341 3265 444 3319 tamen
482 3276 633 3318 summam
659 3257 699 3318 ad
734 3277 793 3318 voa
832 3260 1031 3338 contrahitis,
1066 3274 1098 3326 et
1124 3264 1176 3328 isti

144 3355 397 3423 christianissimi
418 3356 512 3418 totius
533 3356 660 3437 fastigio
690 3357 897 3421 audacissime
917 3371 949 3422 at
968 3361 1177 3444 impudentia.

141 3458 223 3525 bime
253 3480 313 3522 voe
341 3457 494 3540 ingeritis.
542 3457 624 3519 Nihil
650 3458 734 3519 enim
761 3461 862 3541 pudet
886 3483 961 3539 vos,
991 3476 1043 3525 aut
1062 3465 1172 3531 dicere

142 3560 205 3645 jain
223 3577 278 3624 aut
295 3560 413 3623 iacere.
461 3559 525 3620 Sed
544 3579 610 3619 non
631 3561 782 3622 succedat
807 3561 838 3622 in
859 3576 1050 3644 perpetuum
1070 3568 1169 3646 fratta,

48 3657 51 3661 ¹
140 3658 249 3746 ittaque
268 3682 393 3744 semper
412 3659 582 3743 proficient
602 3659 677 3721 doti.
721 3663 763 3723 Et
781 3661 843 3742 jam
863 3664 947 3726 sorte
967 3668 1170 3745 periculosis·

141 3758 218 3844 bime
238 3773 334 3825 mutat
352 3782 414 3825 rea.
454 3760 492 3822 Id
512 3763 601 3844 quod
621 3782 681 3822 nec
699 3760 758 3842 ipsi
777 3765 930 3845 ignoratis
946 3778 979 3827 ct
994 3771 1168 3852 intelligere

139 3862 217 3929 alios
248 3882 284 3924 ac
303 3863 421 3925 sentire
447 3858 583 3938 vidctis,
621 3884 714 3946 quam
742 3865 887 3927 metuatis
912 3888 1014 3930 causae
1043 3885 1167 3936 vestre.

138 3965 204 4049 lpsi
222 3964 307 4026 enim
326 3962 414 4024 sactis
438 3962 628 4024 documenta
655 3964 735 4025 datis
755 3967 872 4046 palam,
910 3969 1003 4030 salvis
1023 3972 1165 4038 veritati·

137 4076 171 4130 et
188 4066 263 4129 fidei
282 4063 496 4127 monumentis
505 4066 518 4141 ‚'
535 4065 709 4126 consistere
729 4077 866 4127 vestram
880 4069 1077 4146 tyrannidem
1098 4096 1163 4137 non

136 4186 243 4250 porte.
268 4165 331 4230 Ubi
351 4164 449 4229 miror
469 4185 558 4248 spem
577 4164 677 4226 fuisse
692 4187 832 4250 unquam
845 4169 938 4233 vobis
950 4173 1163 4250 pervicturoa.

166 4495 199 4564 ⁴)
218 4504 397 4562 bttuatur:
417 4499 570 4558 cattametia.
640 4493 687 4563 u)
706 4505 765 4549 Det:
784 4504 878 4550 ebriati.
