2618 5108
10 39 924 322 u

754 379 758 388 .

870 434 872 441 s

222 737 366 817 Erasini
387 736 547 836 Boe—ad
571 739 692 819 Senot.
716 745 867 852 lugent.
882 738 1010 851 Epist.
1061 758 1140 847 6261,

111 941 226 1003 vestras
242 930 374 996 civitatis
393 931 598 995 saluberrima
626 934 867 1023 necessariaque
884 940 1139 1025 constitutam„

109 1036 216 1107 denuo
237 1034 366 1099 excudit
385 1033 520 1096 eundem
546 1033 696 1114 libellum.
740 1040 793 1114 An
814 1061 877 1122 ego
896 1040 978 1121 berte
999 1045 1138 1111 meritus.
1235 1089 1249 1114 .

108 1135 166 1200 sint
186 1135 311 1215 publice
337 1137 378 1200 tle
407 1136 535 1212 studiis,
563 1154 672 1198 omnes
700 1147 849 1216 noruntr
864 1163 924 1222 pro
951 1143 1138 1227 Evangelio¹

107 1238 316 1317 provehendo
356 1236 540 1317 plurimum,
559 1235 703 1298 laborum
743 1249 774 1301 et
819 1238 944 1311 invidie
982 1246 1137 1325 sustinui„

110 1336 223 1404 Omnia
258 1337 419 1414 recusavi,
449 1359 519 1420 quas
557 1335 631 1402 mihi
659 1337 1055 1423 Principesohtulerunt,
1091 1358 1138 1410 ut.

107 1438 280 1519 scriberem
297 1439 450 1506 adversus
467 1440 671 1505 Lutlrerunr:¹
690 1438 754 1522 imo
779 1442 850 1510 meri
867 1442 961 1522 malui
973 1447 1134 1527 perdere*
1167 1495 1174 1510 .

109 1525 203 1619 quern
238 1538 277 1599 ad
312 1539 441 1601 affectus
476 1539 675 1621 quorundam
707 1538 860 1624 lfflbilss:
887 1557 996 1629 eoritra
1026 1565 1134 1623 meam.

99 1637 340 1724 conscientiam.
389 1640 525 1700 Tantum
555 1637 605 1700 isti
634 1638 748 1701 foederi
776 1627 864 1704 nolui
890 1643 966 1708 <lare
997 1626 1132 1720 nomen,¹

105 1760 176 1801 cum
197 1739 301 1800 mnltis
322 1738 388 1801 aliis
409 1738 588 1814 decausis,
611 1749 676 1800 tum
696 1739 738 1801 ob
762 1741 842 1818 hoe,
871 1745 960 1828 quod
983 1746 1125 1828 quaedam

104 1839 242 1901 inlibris
263 1838 396 1901 Lullieri
417 1859 482 1900 non
500 1837 725 1916 intelligerem,
747 1842 888 1922 quedam
909 1845 1038 1908 omnino
1058 1863 1124 1910 non

103 1938 288 2018 probarem,
316 1940 487 2020 presertim
508 1960 579 2001 cum
599 1938 631 1999 in
655 1937 712 2002 ista
731 1939 951 2022 conjuratione
971 1944 1122 2024 viderem,

104 2038 258 2120 quosdam
279 2058 363 2113 csse,
385 2059 520 2121 quorum
540 2060 645 2102 mores
664 2051 696 2102 et
715 2041 873 2106 molimina
885 2042 958 2106 mihi
976 2044 1124 2110 videren-

104 2149 157 2198 tur
174 2138 357 2218 longissime
377 2138 488 2201 abesse
516 2159 534 2200 a
553 2138 665 2220 spiritu
686 2141 891 2221 Evangelico.
930 2145 1041 2209 Nullus
1063 2169 1122 2212 un·

104 2259 198 2323 quam
224 2259 310 2299 arne
336 2239 424 2300 lesus
454 2247 519 2313 est,
554 2239 605 2300 vel
633 2240 709 2322 quia
737 2239 852 2305 laverit
880 2242 1042 2324 Lutlrero,
1068 2245 1123 2312 vol

102 2339 177 2423 quia
196 2360 306 2421 parurn
325 2338 449 2400 laverit.
496 2339 563 2402 Nee
583 2341 814 2422 typographus,
835 2362 894 2407 nec
913 2344 1009 2408 libelli
1028 2359 1121 2414 autor

102 2460 241 2523 unquam
260 2439 359 2501 verbo
380 2460 398 2500 a
415 2460 465 2501 me
484 2441 574 2516 lesus
592 2449 649 2501 est.
686 2441 759 2503 Non
779 2450 827 2503 est
844 2444 975 2524 vulgare
988 2446 1119 2527 crimen,

99 2552 225 2622 accepta
252 2538 387 2623 pecunia
406 2539 544 2620 prodere
565 2541 773 2622 Evangelinm
794 2538 923 2605 Christi.
961 2544 994 2608 Si
1014 2558 1119 2611 vestra

97 2643 228 2725 equitas
242 2662 305 2702 non
315 2640 388 2703 sinit
400 2641 503 2702 furem
515 2639 717 2721 impunitum,
736 2641 798 2702 hoc
811 2642 911 2705 multo
924 2645 1116 2725 sceleratius,

97 2754 159 2803 tarn
179 2743 354 2823 petulanter
383 2740 535 2822 impetere
554 2741 685 2817 famam,
715 2741 779 2804 vita
798 2764 929 2827 quoque
949 2745 1115 2811 cariorem.

97 2843 130 2904 Si
151 2841 307 2923 plectitur,
328 2838 383 2925 qui
403 2840 458 2902 dat
476 2843 594 2923 alapam
607 2840 705 2917 alteri,
725 2842 804 2925 quid
816 2856 1038 2923 commeretur,
1058 2846 1115 2931 qui

96 2939 142 3006 sic
159 2942 367 3005 debacchatur
378 2942 411 3004 in
423 2943 534 3006 lamam
545 2938 702 3005 hominis?
721 2942 794 3005 Non
806 2945 944 3025 postulo,
964 2955 999 3009 ut
1009 2959 1115 3014 vestre

96 3042 251 3106 celsitudo
277 3042 388 3106 habeat
422 3043 575 3106 rationem
601 3040 696 3104 etatis
722 3063 816 3118 mere,
848 3055 902 3107 aut
925 3047 1112 3112 meritorum

94 3162 240 3204 meorum
258 3161 334 3224 erga
351 3141 477 3225 publica
495 3141 614 3218 studia,
635 3163 700 3205 non
714 3141 850 3222 favoris,
872 3164 968 3229 quem
985 3130 1115 3233 semper‘

94 3240 179 3325 gessi
198 3261 274 3324 erga
293 3241 449 3305 civitatem
468 3243 572 3318 istam,
602 3241 654 3305 cui
673 3242 740 3306 scio
769 3265 819 3307 me
837 3245 979 3327 plurimis
999 3250 1109 3314 officiis

92 3342 365 3424 obligatissimum3
386 3355 504 3408 tantum
513 3346 575 3407 hoo
586 3343 742 3406 admoneo
753 3345 950 3426 prudentiam
961 3363 1107 3427 vestram,

91 3454 127 3508 ut
145 3443 357 3528 prospiciatis,
380 3465 446 3527 quo
467 3445 591 3505 tandem
611 3464 743 3506 evasura
762 3443 802 3507 sit
820 3446 923 3508 talium
943 3448 1107 3515 hominum

89 3545 231 3621 lieentia,
270 3546 296 3609 si
323 3543 476 3630 quiequid
506 3543 626 3607 libitum
651 3553 713 3619 est,
741 3541 869 3626 impune
899 3544 1032 3612 licuerit.
1069 3549 1105 3613 Si

88 3645 200 3709 lavetis
220 3645 398 3729 Evangelio
422 3679 456 3693 -
483 3643 535 3709 isti
554 3645 691 3726 perdunt
710 3644 928 3728 Evangelium.
964 3647 998 3709 Si
1015 3647 1105 3712 lave·

88 3747 127 3807 tis
155 3747 369 3829 tranquillitati
395 3746 526 3828 publicae
546 3783 584 3797 -
615 3743 665 3807 isti
692 3743 767 3806 nihil
796 3742 880 3819 aliud
907 3757 981 3809 sunt
1009 3771 1104 3833 quam

88 3843 254 3908 seminaria
279 3846 485 3911 seditionum..
524 3846 558 3907 Si
581 3843 672 3907 vobis
698 3844 841 3927 displicet
869 3847 973 3930 legum
1000 3851 1103 3930 publi·

87 3965 194 4007 carum
214 3956 428 4025 contemptus,
456 3957 492 4009 ut
512 3943 629 4027 optimo
647 3943 718 4025 jure
736 3944 896 4028 displicer,
924 3982 962 3998 -
993 3969 1103 4018 ornnes

87 4047 227 4108 omniurn
247 4044 392 4127 gentium
407 4047 494 4125 leges
514 4046 596 4107 inter
616 4042 806 4107 atrocissima
831 4044 959 4136 crimina
980 4063 1102 4128 ponunt

85 4145 206 4209 libellos
225 4145 376 4208 famosos.
414 4146 481 4210 Res
500 4145 634 4209 obscura
653 4165 717 4207 non
736 4153 794 4206 est.
830 4144 935 4208 Autor
950 4146 1101 4217 facinoris

85 4257 222 4330 uterque
246 4245 310 4329 agit
329 4246 551 4331 argentorati,
583 4257 614 4310 et
643 4246 831 4326 profitentur
859 4245 988 4311 lactum.
1031 4240 1101 4316 Nee
