2588 5048
179 819 252 897 aso
480 812 684 893 amana
733 764 946 917 minate

573 1008 829 1075 Franciacnr.

199 1156 203 1163 -
241 1116 375 1178 aas-ila
390 1121 480 1184 suut.
512 1120 797 1191 «tumeamus,
825 1131 869 1174 so
893 1111 1030 1196 maique
1042 1109 1212 1174 noeane·

179 1230 252 1290 rea,
281 1232 350 1298 quo
367 1212 462 1278 latius
479 1233 592 1278 eorum
611 1223 699 1295 patet
714 1213 836 1296 rapina,
859 1238 862 1243 ·
884 1214 965 1276 nan
983 1212 1108 1296 ubique
1124 1220 1211 1287 su,

182 1332 294 1398 neque
313 1333 450 1399 usquam
467 1336 535 1381 non
553 1314 746 1397 put-ntur.
789 1312 829 1377 ln
847 1310 1148 1395 Principum-aulis,
1172 1311 1213 1375 ie

179 1414 343 1479 civitatum
363 1416 531 1480 Senatibus
551 1429 584 1481 et
603 1413 763 1493 decuriis,
784 1413 817 1478 in
836 1413 969 1495 publicis
988 1413 1213 1490 mnwntibua,

182 1526 216 1580 et
235 1517 366 1599 privatis
387 1517 690 1595 consultationibus,
710 1514 843 1592 militie,
863 1512 971 1592 domi,
1002 1514 1036 1577 in
1055 1514 1160 1591 bello,
1180 1524 1216 1576 et

181 1615 217 1681 ia
238 1638 327 1700 pace.
376 1618 528 1703 Denique
548 1639 656 1684 rerum
687 1617 790 1700 capita
808 1628 883 1680 sunt
901 1615 961 1693 tri,
991 1614 1216 1699 habenturque

180 1729 218 1785 tat
236 1719 342 1803 monti
360 1731 395 1783 et
412 1720 509 1796 condi
527 1722 634 1804 legam
652 1740 689 1783 ac
707 1717 804 1802 juris,
824 1737 931 1804 neque
943 1714 1013 1781 sine
1029 1717 1076 1779 bis
1095 1716 1218 1799 guber·

181 1819 271 1887 natio
291 1831 351 1898 eat.
390 1818 601 1887 Constitunnt
624 1834 730 1885 autem
749 1819 881 1903 imperia
898 1818 975 1901 ipsi,
1007 1830 1040 1883 ct
1056 1819 1217 1885 mulntdis

113 1925 115 1929 ’
179 1940 291 1989 nrum
311 1921 467 2001 autibus,
487 1942 561 1988 cum
579 1923 692 1988 volunt
710 1932 839 1986 autores
858 1922 950 1986 fiunt.

584 2040 804 2105 Huttenur.

188 2140 191 2145 ’
256 2141 406 2225 warum
421 2138 537 2205 Scribe
552 2150 657 2206 totum
671 2139 826 2225 regebant
838 2133 1090 2204 Maximiliantnn
1107 2136 1216 2217 nobis,

179 2243 307 2328 solfque
327 2242 414 2324 apud
442 2261 517 2306 eum
542 2251 690 2323 potenter
711 2251 821 2319 crant,
852 2252 885 2306 et
911 2242 1121 2307 abutebantur
1143 2238 1218 2306 utul-

179 2342 256 2427 plici
284 2340 457 2423 Principe,
490 2352 526 2405 ut
555 2342 717 2407 volebant.
770 2341 803 2407 A
834 2362 900 2427 quo
916 2341 1089 2426 ,quicquid
1118 2343 1216 2426 gratis

180 2441 409 2525 inpetrabant,
439 2440 507 2507 aliia
535 2440 597 2525 ipn'
626 2464 688 2524 pro
720 2443 856 2525 pecunia
884 2440 1087 2520 vendebant,
1119 2453 1217 2529 atque

179 2543 296 2610 borum
317 2554 384 2608 erat
411 2542 494 2608 illius
513 2542 667 2625 pecunia,
697 2564 769 2608 nam
790 2538 897 2609 'insius
928 2565 997 2608 non
1021 2555 1099 2609 erat.
1126 2547 1218 2627 Qun

180 2646 342 2731 siquando
361 2647 456 2709 etiarn
474 2644 656 2709 necessario
675 2644 778 2708 danda
804 2654 872 2708 crat
891 2646 945 2721 iis,
979 2644 1096 2729 quibus
1116 2645 1216 2710 debe·

182 2746 299 2826 batur,
319 2758 424 2812 tamen
444 2745 556 2813 scribis
575 2747 689 2810 licebat
704 2740 887 2828 praecipere.
925 2745 1030 2809 Etiam
1046 2746 1126 2811 bett-
1143 2765 1218 2811 cum

180 2848 332 2936 gerebat,
359 2859 607 2933 quantacunque
626 2848 824 2924 difficultate,
852 2849 900 2910 his
921 2848 1030 2924 (labat,
1065 2845 1217 2911 militibus

180 2970 249 3016 non
265 2950 368 3015 dabat.
389 2949 656 3032 Patiebaturque,
677 2950 754 3012 dum
770 2949 965 3012 satisfaceret
976 2947 1217 3031 improbissimae

181 3052 310 3117 illorum
326 3048 510 3133 cupiditati,
532 3050 604 3129 (cui¹
616 3060 717 3113 tamen
734 3049 944 3114 satisfaciebat
961 3050 1141 3134 nunquam)
1162 3051 1220 3137 sed

182 3150 261 3216 dum
282 3150 371 3233 petiti
390 3162 555 3232 compotes
575 3153 690 3214 fierent
711 3150 788 3232 ipsi,
810 3150 996 3222 obsidiones
1015 3150 1117 3227 solvi,
1137 3140 1219 3236 pug-

181 3272 240 3316 nas
260 3262 314 3315 aut
333 3250 515 3326 detrectari,
541 3262 594 3314 ant
614 3252 693 3315 male
707 3251 860 3337 pugnari,
882 3253 1042 3318 exercitus
1061 3253 1219 3330 diffluere,

182 3350 290 3421 socios
310 3350 430 3416 auxilio
450 3351 601 3428 destitui,
623 3351 720 3416 urbes
740 3352 939 3436 expugnari;
966 3351 1000 3416 in
1019 3374 1162 3433 sumum,
1183 3391 1224 3415 -.

182 3454 317 3539 optimas
337 3451 523 3518 occasiones
553 3452 715 3535 praeterire
743 3450 877 3516 sinebat.
928 3454 1045 3538 Neque
1060 3455 1136 3521 fere
1156 3455 1218 3521 ulta

182 3567 251 3622 erat
265 3568 350 3621 tanta
366 3554 558 3630 necessitas,
579 3550 632 3615 cui
645 3572 711 3615 non
728 3553 894 3634 praefcrret
911 3555 1026 3618 horum
1043 3556 1218 3641 libidinem.

181 3656 314 3723 Amicos
335 3668 440 3721 autem
461 3670 493 3718 et
511 3654 656 3717 inimicos
677 3654 812 3718 hahebat
831 3677 872 3716 cx
893 3678 1005 3719 eorum
1025 3659 1216 3743 plerumque

182 3758 357 3820 voluntate.
417 3754 652 3822 Contemnebat
689 3777 753 3835 prm
783 3755 830 3819 his
858 3757 1018 3841 principes
1048 3759 1155 3835 viros,
1182 3778 1219 3821 ac

183 3854 341 3921 nobilitati
368 3852 557 3938 praeferebat
576 3876 633 3919 eos
666 3857 933 3938 pertinacissime;
967 3878 1159 3943 qttsmquam
1187 3870 1221 3923 et

182 3956 310 4022 nobiles
339 3955 476 4020 faciebat
497 3978 554 4019 eos
579 3979 615 4021 ac
634 3958 819 4040 Principes,
851 3956 1004 4040 imprimis
1021 3952 1219 4041 Episcopum

182 4057 299 4137 istum,
331 4080 428 4144 quem
448 4079 508 4139 ego
536 4060 655 4123 audere
684 4060 767 4133 vidi,
794 4059 924 4138 publico
947 4059 1121 4124 Germanias
1141 4082 1220 4124 con·

182 4159 259 4225 cilio
278 4182 351 4224 cum
370 4160 499 4224 summis
519 4161 721 4244 Principibus
742 4180 886 4243 pugnare
913 4162 953 4223 tle
985 4182 1065 4237 oco,
1097 4184 1220 4227 novum

181 4260 353 4340 beminen,
373 4271 406 4329 et
424 4261 458 4325 in
477 4262 580 4326 aulam
600 4261 738 4345 petlibus
758 4261 815 4345 qui
834 4275 965 4328 venerat
984 4262 1073 4327 albis.

586 4365 809 4427 Mercator.

258 4459 365 4547 Cuma
383 4474 474 4548 pater
498 4465 547 4529 lac
565 4462 724 4562 vendebat
745 4463 928 4549 Augustas,¹
950 4465 1090 4531 deformi
1108 4466 1219 4532 invec-
