<?xml version="1.0" encoding="UTF-8"?>
<!DOCTYPE html PUBLIC "-//W3C//DTD XHTML 1.0 Transitional//EN"
    "http://www.w3.org/TR/xhtml1/DTD/xhtml1-transitional.dtd">
<html xmlns="http://www.w3.org/1999/xhtml" xml:lang="en" lang="en">
 <head>
  <title>
</title>
<meta http-equiv="Content-Type" content="text/html;charset=utf-8" />
  <meta name='ocr-system' content='tesseract 3.04.00' />
  <meta name='ocr-capabilities' content='ocr_page ocr_carea ocr_par ocr_line ocrx_word'/>
</head>
<body>
  <div class='ocr_page' id='page_1' title='image "./ulrichiabhutten00mngoog_0383.png"; bbox 0 0 2618 5108; ppageno 0'>
   <div class='ocr_carea' id='block_1_1' title="bbox 140 73 678 283">
    <p class='ocr_par' dir='ltr' id='par_1_1' title="bbox 140 73 678 283">
     <span class='ocr_line' id='line_1_1' title="bbox 140 73 678 283; baseline -0.004 -10"><span class='ocrx_word' id='word_1_1' title='bbox 140 264 181 283; x_wconf 60' lang='lat'><strong>⁴„-</strong></span> <span class='ocrx_word' id='word_1_2' title='bbox 188 260 320 280; x_wconf 35' lang='lat'><strong>00000</strong></span> <span class='ocrx_word' id='word_1_3' title='bbox 323 73 617 269; x_wconf 47' lang='grc' dir='ltr'><strong>ῤ’,</strong></span> <span class='ocrx_word' id='word_1_4' title='bbox 660 246 678 257; x_wconf 67' lang='grc'><em>“</em></span> 
     </span>
    </p>
   </div>
   <div class='ocr_carea' id='block_1_2' title="bbox 514 744 1176 846">
    <p class='ocr_par' dir='ltr' id='par_1_2' title="bbox 514 744 1176 846">
     <span class='ocr_line' id='line_1_2' title="bbox 514 744 1176 846; baseline 0.012 -25"><span class='ocrx_word' id='word_1_5' title='bbox 514 744 824 846; x_wconf 70' lang='lat' dir='ltr'><strong>expostulatio..</strong></span> <span class='ocrx_word' id='word_1_6' title='bbox 914 807 915 810; x_wconf 14' lang='grc' dir='ltr'><strong><em>κ</em></strong></span> <span class='ocrx_word' id='word_1_7' title='bbox 1085 751 1176 831; x_wconf 57' lang='grc' dir='ltr'><strong>Μ’</strong></span> 
     </span>
    </p>
   </div>
   <div class='ocr_carea' id='block_1_3' title="bbox 136 940 1173 4448">
    <p class='ocr_par' dir='ltr' id='par_1_3' title="bbox 136 940 1173 4448">
     <span class='ocr_line' id='line_1_3' title="bbox 141 940 1164 1019; baseline 0.003 -15"><span class='ocrx_word' id='word_1_8' title='bbox 141 940 356 1018; x_wconf 79' lang='lat' dir='ltr'><strong>Germaniam,</strong></span> <span class='ocrx_word' id='word_1_9' title='bbox 389 951 424 1004; x_wconf 88' lang='lat' dir='ltr'><strong>ut</strong></span> <span class='ocrx_word' id='word_1_10' title='bbox 451 941 528 1005; x_wconf 78' lang='lat' dir='ltr'><strong>sciat</strong></span> <span class='ocrx_word' id='word_1_11' title='bbox 555 942 724 1009; x_wconf 79' lang='lat' dir='ltr'><strong>reclamare</strong></span> <span class='ocrx_word' id='word_1_12' title='bbox 757 940 907 1013; x_wconf 79' lang='lat' dir='ltr'><strong>Ponrttct</strong></span> <span class='ocrx_word' id='word_1_13' title='bbox 933 943 1098 1019; x_wconf 72' lang='lat' dir='ltr'><strong>Romano,</strong></span> <span class='ocrx_word' id='word_1_14' title='bbox 1125 958 1164 1013; x_wconf 80' lang='lat' dir='ltr'><strong>ot</strong></span> 
     </span>
     <span class='ocr_line' id='line_1_4' title="bbox 136 1041 1165 1128; baseline 0.002 -23"><span class='ocrx_word' id='word_1_15' title='bbox 136 1043 293 1105; x_wconf 82' lang='lat' dir='ltr'><strong>novandis</strong></span> <span class='ocrx_word' id='word_1_16' title='bbox 323 1041 419 1106; x_wconf 83' lang='lat' dir='ltr'><strong>rebus</strong></span> <span class='ocrx_word' id='word_1_17' title='bbox 447 1041 612 1122; x_wconf 70' lang='lat' dir='ltr'><strong>instigator</strong></span> <span class='ocrx_word' id='word_1_18' title='bbox 649 1043 692 1105; x_wconf 84' lang='lat' dir='ltr'><strong>sis</strong></span> <span class='ocrx_word' id='word_1_19' title='bbox 722 1065 825 1126; x_wconf 86' lang='lat' dir='ltr'><strong>prope</strong></span> <span class='ocrx_word' id='word_1_20' title='bbox 847 1043 979 1109; x_wconf 82' lang='lat' dir='ltr'><strong>unicus:</strong></span> <span class='ocrx_word' id='word_1_21' title='bbox 1006 1064 1071 1128; x_wconf 92' lang='lat' dir='ltr'><strong>quo</strong></span> <span class='ocrx_word' id='word_1_22' title='bbox 1099 1064 1165 1124; x_wconf 53' lang='lat' dir='ltr'><strong>ops</strong></span> 
     </span>
     <span class='ocr_line' id='line_1_5' title="bbox 137 1130 1166 1223; baseline 0.004 -16"><span class='ocrx_word' id='word_1_23' title='bbox 137 1164 250 1223; x_wconf 86' lang='lat' dir='ltr'><strong>presso</strong></span> <span class='ocrx_word' id='word_1_24' title='bbox 281 1154 383 1205; x_wconf 86' lang='lat' dir='ltr'><strong>actum</strong></span> <span class='ocrx_word' id='word_1_25' title='bbox 404 1130 486 1207; x_wconf 76' lang='lat' dir='ltr'><strong>esse</strong></span> <span class='ocrx_word' id='word_1_26' title='bbox 517 1143 558 1205; x_wconf 89' lang='lat' dir='ltr'><strong>de</strong></span> <span class='ocrx_word' id='word_1_27' title='bbox 588 1142 750 1220; x_wconf 88' lang='lat' dir='ltr'><strong>Luthero,</strong></span> <span class='ocrx_word' id='word_1_28' title='bbox 787 1156 819 1206; x_wconf 90' lang='lat' dir='ltr'><strong>et</strong></span> <span class='ocrx_word' id='word_1_29' title='bbox 851 1144 997 1209; x_wconf 85' lang='lat' dir='ltr'><strong>omnibns</strong></span> <span class='ocrx_word' id='word_1_30' title='bbox 1029 1143 1072 1207; x_wconf 91' lang='lat' dir='ltr'><strong>illi</strong></span> <span class='ocrx_word' id='word_1_31' title='bbox 1104 1143 1166 1211; x_wconf 54' lang='lat' dir='ltr'><strong>adn</strong></span> 
     </span>
     <span class='ocr_line' id='line_1_6' title="bbox 136 1243 1164 1328; baseline 0.001 -20"><span class='ocrx_word' id='word_1_32' title='bbox 136 1244 337 1308; x_wconf 80' lang='lat' dir='ltr'><strong>haerentibus.</strong></span> <span class='ocrx_word' id='word_1_33' title='bbox 383 1245 465 1307; x_wconf 84' lang='lat' dir='ltr'><strong>Nam</strong></span> <span class='ocrx_word' id='word_1_34' title='bbox 491 1264 533 1304; x_wconf 85' lang='lat' dir='ltr'><strong>ex</strong></span> <span class='ocrx_word' id='word_1_35' title='bbox 559 1243 620 1305; x_wconf 87' lang='lat' dir='ltr'><strong>tuis</strong></span> <span class='ocrx_word' id='word_1_36' title='bbox 646 1244 734 1308; x_wconf 90' lang='lat' dir='ltr'><strong>libris</strong></span> <span class='ocrx_word' id='word_1_37' title='bbox 757 1257 879 1328; x_wconf 88' lang='lat' dir='ltr'><strong>tuoque</strong></span> <span class='ocrx_word' id='word_1_38' title='bbox 897 1243 1027 1327; x_wconf 83' lang='lat' dir='ltr'><strong>ingenio</strong></span> <span class='ocrx_word' id='word_1_39' title='bbox 1047 1263 1164 1309; x_wconf 78' lang='lat' dir='ltr'><strong>omnes-</strong></span> 
     </span>
     <span class='ocr_line' id='line_1_7' title="bbox 137 1345 1158 1428; baseline -0.002 -20"><span class='ocrx_word' id='word_1_40' title='bbox 137 1368 199 1409; x_wconf 89' lang='lat' dir='ltr'><strong>nos</strong></span> <span class='ocrx_word' id='word_1_41' title='bbox 228 1346 371 1421; x_wconf 85' lang='lat' dir='ltr'><strong>haurire,</strong></span> <span class='ocrx_word' id='word_1_42' title='bbox 406 1367 474 1427; x_wconf 87' lang='lat' dir='ltr'><strong>quae</strong></span> <span class='ocrx_word' id='word_1_43' title='bbox 499 1345 655 1420; x_wconf 87' lang='lat' dir='ltr'><strong>dicamus,</strong></span> <span class='ocrx_word' id='word_1_44' title='bbox 691 1366 825 1428; x_wconf 83' lang='lat' dir='ltr'><strong>quaeque</strong></span> <span class='ocrx_word' id='word_1_45' title='bbox 851 1345 1034 1409; x_wconf 75' lang='lat' dir='ltr'><strong>scribamus.</strong></span> <span class='ocrx_word' id='word_1_46' title='bbox 1083 1346 1158 1424; x_wconf 85' lang='lat' dir='ltr'><strong>Quo</strong></span> 
     </span>
     <span class='ocr_line' id='line_1_8' title="bbox 137 1445 1165 1525; baseline 0.002 -17"><span class='ocrx_word' id='word_1_47' title='bbox 137 1446 260 1510; x_wconf 79' lang='lat' dir='ltr'><strong>facilius</strong></span> <span class='ocrx_word' id='word_1_48' title='bbox 289 1449 432 1521; x_wconf 88' lang='lat' dir='ltr'><strong>credam,</strong></span> <span class='ocrx_word' id='word_1_49' title='bbox 479 1446 563 1507; x_wconf 89' lang='lat' dir='ltr'><strong>haud</strong></span> <span class='ocrx_word' id='word_1_50' title='bbox 594 1445 722 1525; x_wconf 90' lang='lat' dir='ltr'><strong>penitus</strong></span> <span class='ocrx_word' id='word_1_51' title='bbox 751 1449 862 1511; x_wconf 81' lang='lat' dir='ltr'><strong>fictum</strong></span> <span class='ocrx_word' id='word_1_52' title='bbox 883 1446 982 1509; x_wconf 85' lang='lat' dir='ltr'><strong>fnisse</strong></span> <span class='ocrx_word' id='word_1_53' title='bbox 1010 1446 1049 1509; x_wconf 89' lang='lat' dir='ltr'><strong>de</strong></span> <span class='ocrx_word' id='word_1_54' title='bbox 1076 1445 1165 1511; x_wconf 79' lang='lat' dir='ltr'><strong>libro,</strong></span> 
     </span>
     <span class='ocr_line' id='line_1_9' title="bbox 143 1545 1168 1629; baseline 0.002 -20"><span class='ocrx_word' id='word_1_55' title='bbox 143 1559 253 1611; x_wconf 87' lang='lat' dir='ltr'><strong>contra</strong></span> <span class='ocrx_word' id='word_1_56' title='bbox 281 1557 311 1608; x_wconf 92' lang='lat' dir='ltr'><strong>te</strong></span> <span class='ocrx_word' id='word_1_57' title='bbox 346 1546 481 1628; x_wconf 86' lang='lat' dir='ltr'><strong>scripto,</strong></span> <span class='ocrx_word' id='word_1_58' title='bbox 517 1545 575 1608; x_wconf 91' lang='lat' dir='ltr'><strong>etsi</strong></span> <span class='ocrx_word' id='word_1_59' title='bbox 604 1567 770 1629; x_wconf 86' lang='lat' dir='ltr'><strong>nunquam.</strong></span> <span class='ocrx_word' id='word_1_60' title='bbox 789 1546 897 1629; x_wconf 87' lang='lat' dir='ltr'><strong>prius,</strong></span> <span class='ocrx_word' id='word_1_61' title='bbox 930 1547 1020 1629; x_wconf 86' lang='lat' dir='ltr'><strong>qnod</strong></span> <span class='ocrx_word' id='word_1_62' title='bbox 1051 1547 1168 1615; x_wconf 66' lang='lat' dir='ltr'><strong>ment.</strong></span> 
     </span>
     <span class='ocr_line' id='line_1_10' title="bbox 142 1645 1167 1730; baseline -0.002 -20"><span class='ocrx_word' id='word_1_63' title='bbox 142 1647 244 1711; x_wconf 84' lang='lat' dir='ltr'><strong>nerim</strong></span> <span class='ocrx_word' id='word_1_64' title='bbox 269 1645 387 1709; x_wconf 78' lang='lat' dir='ltr'><strong>atrdivi.</strong></span> <span class='ocrx_word' id='word_1_65' title='bbox 428 1648 481 1708; x_wconf 88' lang='lat' dir='ltr'><strong>Tu</strong></span> <span class='ocrx_word' id='word_1_66' title='bbox 506 1666 585 1707; x_wconf 84' lang='lat' dir='ltr'><strong>vero</strong></span> <span class='ocrx_word' id='word_1_67' title='bbox 606 1667 677 1709; x_wconf 89' lang='lat' dir='ltr'><strong>cnm</strong></span> <span class='ocrx_word' id='word_1_68' title='bbox 697 1649 800 1730; x_wconf 91' lang='lat' dir='ltr'><strong>(quod</strong></span> <span class='ocrx_word' id='word_1_69' title='bbox 828 1645 1039 1728; x_wconf 83' lang='lat' dir='ltr'><strong>jurejurando</strong></span> <span class='ocrx_word' id='word_1_70' title='bbox 1062 1645 1167 1715; x_wconf 79' lang='lat' dir='ltr'><strong>ausim,</strong></span> 
     </span>
     <span class='ocr_line' id='line_1_11' title="bbox 142 1745 1169 1829; baseline -0.001 -17"><span class='ocrx_word' id='word_1_71' title='bbox 142 1749 332 1823; x_wconf 81' lang='lat' dir='ltr'><strong>affirmare‚)</strong></span> <span class='ocrx_word' id='word_1_72' title='bbox 352 1746 439 1828; x_wconf 88' lang='lat' dir='ltr'><strong>prius</strong></span> <span class='ocrx_word' id='word_1_73' title='bbox 459 1748 499 1809; x_wconf 89' lang='lat' dir='ltr'><strong>de</strong></span> <span class='ocrx_word' id='word_1_74' title='bbox 518 1749 575 1810; x_wconf 86' lang='lat' dir='ltr'><strong>hac</strong></span> <span class='ocrx_word' id='word_1_75' title='bbox 594 1767 646 1822; x_wconf 89' lang='lat' dir='ltr'><strong>re,</strong></span> <span class='ocrx_word' id='word_1_76' title='bbox 677 1769 770 1829; x_wconf 87' lang='lat' dir='ltr'><strong>quarn</strong></span> <span class='ocrx_word' id='word_1_77' title='bbox 797 1769 839 1811; x_wconf 79' lang='lat' dir='ltr'><strong>ex</strong></span> <span class='ocrx_word' id='word_1_78' title='bbox 865 1745 1054 1811; x_wconf 83' lang='lat' dir='ltr'><strong>Lutheranis</strong></span> <span class='ocrx_word' id='word_1_79' title='bbox 1075 1746 1169 1829; x_wconf 60' lang='lat' dir='ltr'><strong>quie.</strong></span> 
     </span>
     <span class='ocr_line' id='line_1_12' title="bbox 141 1846 1169 1933; baseline 0 -22"><span class='ocrx_word' id='word_1_80' title='bbox 141 1870 237 1932; x_wconf 89' lang='lat' dir='ltr'><strong>quam</strong></span> <span class='ocrx_word' id='word_1_81' title='bbox 257 1847 462 1923; x_wconf 76' lang='lat' dir='ltr'><strong>intellexeris,</strong></span> <span class='ocrx_word' id='word_1_82' title='bbox 489 1858 525 1908; x_wconf 90' lang='lat' dir='ltr'><strong>ut</strong></span> <span class='ocrx_word' id='word_1_83' title='bbox 544 1858 646 1910; x_wconf 82' lang='lat' dir='ltr'><strong>tamen</strong></span> <span class='ocrx_word' id='word_1_84' title='bbox 668 1858 700 1908; x_wconf 89' lang='lat' dir='ltr'><strong>et</strong></span> <span class='ocrx_word' id='word_1_85' title='bbox 718 1847 900 1928; x_wconf 86' lang='lat' dir='ltr'><strong>pervenias,</strong></span> <span class='ocrx_word' id='word_1_86' title='bbox 921 1846 1027 1933; x_wconf 86' lang='lat' dir='ltr'><strong>siquid</strong></span> <span class='ocrx_word' id='word_1_87' title='bbox 1048 1846 1169 1915; x_wconf 80' lang='lat' dir='ltr'><strong>abillo.</strong></span> 
     </span>
     <span class='ocr_line' id='line_1_13' title="bbox 139 1945 1161 2031; baseline 0.002 -22"><span class='ocrx_word' id='word_1_88' title='bbox 139 1949 198 2011; x_wconf 88' lang='lat' dir='ltr'><strong>tihi</strong></span> <span class='ocrx_word' id='word_1_89' title='bbox 225 1948 383 2023; x_wconf 87' lang='lat' dir='ltr'><strong>imminet,</strong></span> <span class='ocrx_word' id='word_1_90' title='bbox 415 1959 446 2009; x_wconf 90' lang='lat' dir='ltr'><strong>et</strong></span> <span class='ocrx_word' id='word_1_91' title='bbox 470 1959 621 2031; x_wconf 86' lang='lat' dir='ltr'><strong>quantum</strong></span> <span class='ocrx_word' id='word_1_92' title='bbox 649 1945 755 2010; x_wconf 85' lang='lat' dir='ltr'><strong>faveas</strong></span> <span class='ocrx_word' id='word_1_93' title='bbox 781 1969 931 2031; x_wconf 86' lang='lat' dir='ltr'><strong>quoque,</strong></span> <span class='ocrx_word' id='word_1_94' title='bbox 957 1947 1050 2016; x_wconf 82' lang='lat' dir='ltr'><strong>nobis</strong></span> <span class='ocrx_word' id='word_1_95' title='bbox 1075 1967 1161 2011; x_wconf 85' lang='lat' dir='ltr'><strong>com·</strong></span> 
     </span>
     <span class='ocr_line' id='line_1_14' title="bbox 141 2046 1170 2129; baseline 0.001 -17"><span class='ocrx_word' id='word_1_96' title='bbox 141 2050 257 2112; x_wconf 89' lang='lat' dir='ltr'><strong>morsis</strong></span> <span class='ocrx_word' id='word_1_97' title='bbox 277 2049 401 2129; x_wconf 87' lang='lat' dir='ltr'><strong>signum</strong></span> <span class='ocrx_word' id='word_1_98' title='bbox 420 2048 493 2124; x_wconf 88' lang='lat' dir='ltr'><strong>des,</strong></span> <span class='ocrx_word' id='word_1_99' title='bbox 515 2049 611 2112; x_wconf 87' lang='lat' dir='ltr'><strong>audes</strong></span> <span class='ocrx_word' id='word_1_100' title='bbox 632 2048 758 2112; x_wconf 84' lang='lat' dir='ltr'><strong>conficti</strong></span> <span class='ocrx_word' id='word_1_101' title='bbox 777 2047 912 2112; x_wconf 85' lang='lat' dir='ltr'><strong>rumoris</strong></span> <span class='ocrx_word' id='word_1_102' title='bbox 932 2046 1086 2129; x_wconf 85' lang='lat' dir='ltr'><strong>flagitium</strong></span> <span class='ocrx_word' id='word_1_103' title='bbox 1104 2067 1170 2113; x_wconf 90' lang='lat' dir='ltr'><strong>no·.</strong></span> 
     </span>
     <span class='ocr_line' id='line_1_15' title="bbox 144 2147 1163 2232; baseline 0.003 -22"><span class='ocrx_word' id='word_1_104' title='bbox 144 2149 192 2211; x_wconf 90' lang='lat' dir='ltr'><strong>bis</strong></span> <span class='ocrx_word' id='word_1_105' title='bbox 212 2148 383 2229; x_wconf 83' lang='lat' dir='ltr'><strong>imputare,</strong></span> <span class='ocrx_word' id='word_1_106' title='bbox 402 2147 522 2224; x_wconf 77' lang='lat' dir='ltr'><strong>scions,</strong></span> <span class='ocrx_word' id='word_1_107' title='bbox 543 2148 738 2232; x_wconf 78' lang='lat' dir='ltr'><strong>vidensque,</strong></span> <span class='ocrx_word' id='word_1_108' title='bbox 760 2149 849 2231; x_wconf 91' lang='lat' dir='ltr'><strong>quod</strong></span> <span class='ocrx_word' id='word_1_109' title='bbox 871 2147 1065 2216; x_wconf 77' lang='lat' dir='ltr'><strong>falsissimam</strong></span> <span class='ocrx_word' id='word_1_110' title='bbox 1082 2147 1163 2213; x_wconf 77' lang='lat' dir='ltr'><strong>hana</strong></span> 
     </span>
     <span class='ocr_line' id='line_1_16' title="bbox 143 2246 1164 2325; baseline -0.001 -13"><span class='ocrx_word' id='word_1_111' title='bbox 143 2251 176 2312; x_wconf 93' lang='lat' dir='ltr'><strong>iu</strong></span> <span class='ocrx_word' id='word_1_112' title='bbox 196 2271 256 2311; x_wconf 90' lang='lat' dir='ltr'><strong>nos</strong></span> <span class='ocrx_word' id='word_1_113' title='bbox 283 2246 465 2315; x_wconf 80' lang='lat' dir='ltr'><strong>calumniam</strong></span> <span class='ocrx_word' id='word_1_114' title='bbox 497 2249 642 2312; x_wconf 76' lang='lat' dir='ltr'><strong>adornes.</strong></span> <span class='ocrx_word' id='word_1_115' title='bbox 685 2249 770 2315; x_wconf 84' lang='lat' dir='ltr'><strong>Alibi</strong></span> <span class='ocrx_word' id='word_1_116' title='bbox 790 2250 921 2317; x_wconf 84' lang='lat' dir='ltr'><strong>modum</strong></span> <span class='ocrx_word' id='word_1_117' title='bbox 938 2270 1003 2312; x_wconf 91' lang='lat' dir='ltr'><strong>non</strong></span> <span class='ocrx_word' id='word_1_118' title='bbox 1029 2248 1164 2325; x_wconf 76' lang='lat' dir='ltr'><strong>invenis,</strong></span> 
     </span>
     <span class='ocr_line' id='line_1_17' title="bbox 143 2349 1172 2424; baseline 0.005 -12"><span class='ocrx_word' id='word_1_119' title='bbox 143 2350 293 2413; x_wconf 85' lang='lat' dir='ltr'><strong>laudandi</strong></span> <span class='ocrx_word' id='word_1_120' title='bbox 314 2351 405 2411; x_wconf 81' lang='lat' dir='ltr'><strong>talem</strong></span> <span class='ocrx_word' id='word_1_121' title='bbox 424 2349 628 2424; x_wconf 86' lang='lat' dir='ltr'><strong>Pontificem,</strong></span> <span class='ocrx_word' id='word_1_122' title='bbox 649 2349 722 2416; x_wconf 88' lang='lat' dir='ltr'><strong>licet</strong></span> <span class='ocrx_word' id='word_1_123' title='bbox 741 2351 767 2414; x_wconf 92' lang='lat' dir='ltr'><strong>is</strong></span> <span class='ocrx_word' id='word_1_124' title='bbox 789 2351 908 2413; x_wconf 85' lang='lat' dir='ltr'><strong>tamdiu</strong></span> <span class='ocrx_word' id='word_1_125' title='bbox 927 2349 1081 2418; x_wconf 74' lang='lat' dir='ltr'><strong>Pontifex</strong></span> <span class='ocrx_word' id='word_1_126' title='bbox 1100 2369 1172 2417; x_wconf 77' lang='lat' dir='ltr'><strong>non</strong></span> 
     </span>
     <span class='ocr_line' id='line_1_18' title="bbox 144 2447 1173 2532; baseline -0.002 -18"><span class='ocrx_word' id='word_1_127' title='bbox 144 2450 261 2527; x_wconf 83' lang='lat' dir='ltr'><strong>fuerit,</strong></span> <span class='ocrx_word' id='word_1_128' title='bbox 292 2461 328 2511; x_wconf 89' lang='lat' dir='ltr'><strong>ut</strong></span> <span class='ocrx_word' id='word_1_129' title='bbox 347 2447 506 2529; x_wconf 83' lang='lat' dir='ltr'><strong>conjicere</strong></span> <span class='ocrx_word' id='word_1_130' title='bbox 525 2450 650 2530; x_wconf 83' lang='lat' dir='ltr'><strong>possis,</strong></span> <span class='ocrx_word' id='word_1_131' title='bbox 669 2452 768 2526; x_wconf 83' lang='lat' dir='ltr'><strong>bene,</strong></span> <span class='ocrx_word' id='word_1_132' title='bbox 789 2473 828 2515; x_wconf 82' lang='lat' dir='ltr'><strong>an</strong></span> <span class='ocrx_word' id='word_1_133' title='bbox 847 2453 926 2518; x_wconf 84' lang='lat' dir='ltr'><strong>male</strong></span> <span class='ocrx_word' id='word_1_134' title='bbox 945 2451 986 2515; x_wconf 88' lang='lat' dir='ltr'><strong>de</strong></span> <span class='ocrx_word' id='word_1_135' title='bbox 1005 2449 1076 2532; x_wconf 87' lang='lat' dir='ltr'><strong>ipso</strong></span> <span class='ocrx_word' id='word_1_136' title='bbox 1094 2468 1173 2530; x_wconf 81' lang='lat' dir='ltr'><strong>spo·,</strong></span> 
     </span>
     <span class='ocr_line' id='line_1_19' title="bbox 144 2551 1172 2631; baseline 0.004 -16"><span class='ocrx_word' id='word_1_137' title='bbox 144 2553 279 2615; x_wconf 86' lang='lat' dir='ltr'><strong>randum</strong></span> <span class='ocrx_word' id='word_1_138' title='bbox 298 2551 357 2614; x_wconf 90' lang='lat' dir='ltr'><strong>sit:</strong></span> <span class='ocrx_word' id='word_1_139' title='bbox 386 2571 423 2610; x_wconf 85' lang='lat' dir='ltr'><strong>ae</strong></span> <span class='ocrx_word' id='word_1_140' title='bbox 441 2561 609 2631; x_wconf 75' lang='lat' dir='ltr'><strong>antequam</strong></span> <span class='ocrx_word' id='word_1_141' title='bbox 624 2563 708 2615; x_wconf 89' lang='lat' dir='ltr'><strong>esset</strong></span> <span class='ocrx_word' id='word_1_142' title='bbox 726 2553 880 2614; x_wconf 82' lang='lat' dir='ltr'><strong>Pontifex</strong></span> <span class='ocrx_word' id='word_1_143' title='bbox 900 2551 1025 2615; x_wconf 88' lang='lat' dir='ltr'><strong>minime</strong></span> <span class='ocrx_word' id='word_1_144' title='bbox 1045 2551 1172 2619; x_wconf 86' lang='lat' dir='ltr'><strong>bonum.</strong></span> 
     </span>
     <span class='ocr_line' id='line_1_20' title="bbox 143 2650 1172 2735; baseline 0 -20"><span class='ocrx_word' id='word_1_145' title='bbox 143 2650 349 2735; x_wconf 80' lang='lat' dir='ltr'><strong>judicaveris:</strong></span> <span class='ocrx_word' id='word_1_146' title='bbox 369 2664 401 2712; x_wconf 91' lang='lat' dir='ltr'><strong>et</strong></span> <span class='ocrx_word' id='word_1_147' title='bbox 415 2673 485 2734; x_wconf 85' lang='lat' dir='ltr'><strong>quac</strong></span> <span class='ocrx_word' id='word_1_148' title='bbox 499 2662 613 2713; x_wconf 87' lang='lat' dir='ltr'><strong>tuaest</strong></span> <span class='ocrx_word' id='word_1_149' title='bbox 631 2652 751 2734; x_wconf 84' lang='lat' dir='ltr'><strong>ubique</strong></span> <span class='ocrx_word' id='word_1_150' title='bbox 764 2652 918 2733; x_wconf 84' lang='lat' dir='ltr'><strong>gravitas,</strong></span> <span class='ocrx_word' id='word_1_151' title='bbox 938 2651 1027 2732; x_wconf 85' lang='lat' dir='ltr'><strong>prius</strong></span> <span class='ocrx_word' id='word_1_152' title='bbox 1039 2671 1172 2721; x_wconf 82' lang='lat' dir='ltr'><strong>auream.</strong></span> 
     </span>
     <span class='ocr_line' id='line_1_21' title="bbox 144 2750 1173 2837; baseline -0.006 -19"><span class='ocrx_word' id='word_1_153' title='bbox 144 2754 189 2818; x_wconf 90' lang='lat' dir='ltr'><strong>illi</strong></span> <span class='ocrx_word' id='word_1_154' title='bbox 213 2765 344 2818; x_wconf 81' lang='lat' dir='ltr'><strong>statuam</strong></span> <span class='ocrx_word' id='word_1_155' title='bbox 378 2753 542 2829; x_wconf 82' lang='lat' dir='ltr'><strong>decernis,</strong></span> <span class='ocrx_word' id='word_1_156' title='bbox 577 2773 674 2837; x_wconf 85' lang='lat' dir='ltr'><strong>quarn</strong></span> <span class='ocrx_word' id='word_1_157' title='bbox 699 2752 826 2817; x_wconf 88' lang='lat' dir='ltr'><strong>fortiter</strong></span> <span class='ocrx_word' id='word_1_158' title='bbox 855 2773 924 2815; x_wconf 87' lang='lat' dir='ltr'><strong>rem</strong></span> <span class='ocrx_word' id='word_1_159' title='bbox 949 2750 1102 2832; x_wconf 84' lang='lat' dir='ltr'><strong>gesseritt</strong></span> <span class='ocrx_word' id='word_1_160' title='bbox 1131 2760 1173 2813; x_wconf 85' lang='lat' dir='ltr'><strong>ut-</strong></span> 
     </span>
     <span class='ocr_line' id='line_1_22' title="bbox 144 2847 1173 2936; baseline -0.001 -20"><span class='ocrx_word' id='word_1_161' title='bbox 144 2857 236 2935; x_wconf 84' lang='lat' dir='ltr'><strong>plane</strong></span> <span class='ocrx_word' id='word_1_162' title='bbox 256 2855 451 2923; x_wconf 87' lang='lat' dir='ltr'><strong>credendum</strong></span> <span class='ocrx_word' id='word_1_163' title='bbox 470 2852 530 2929; x_wconf 89' lang='lat' dir='ltr'><strong>sit,</strong></span> <span class='ocrx_word' id='word_1_164' title='bbox 556 2852 648 2936; x_wconf 82' lang='lat' dir='ltr'><strong>siquo</strong></span> <span class='ocrx_word' id='word_1_165' title='bbox 667 2855 719 2919; x_wconf 88' lang='lat' dir='ltr'><strong>ille</strong></span> <span class='ocrx_word' id='word_1_166' title='bbox 738 2853 891 2916; x_wconf 87' lang='lat' dir='ltr'><strong>modestia</strong></span> <span class='ocrx_word' id='word_1_167' title='bbox 911 2850 1077 2932; x_wconf 70' lang='lat' dir='ltr'><strong>preditus,</strong></span> <span class='ocrx_word' id='word_1_168' title='bbox 1106 2847 1173 2915; x_wconf 88' lang='lat' dir='ltr'><strong>im·.</strong></span> 
     </span>
     <span class='ocr_line' id='line_1_23' title="bbox 144 2947 1167 3041; baseline -0.007 -22"><span class='ocrx_word' id='word_1_169' title='bbox 144 2955 276 3019; x_wconf 89' lang='lat' dir='ltr'><strong>modicis</strong></span> <span class='ocrx_word' id='word_1_170' title='bbox 293 2955 354 3041; x_wconf 79' lang='lat' dir='ltr'><strong>tuis¹</strong></span> <span class='ocrx_word' id='word_1_171' title='bbox 372 2947 516 3020; x_wconf 84' lang='lat' dir='ltr'><strong>laudibus</strong></span> <span class='ocrx_word' id='word_1_172' title='bbox 528 2956 694 3030; x_wconf 80' lang='lat' dir='ltr'><strong>reclamet3</strong></span> <span class='ocrx_word' id='word_1_173' title='bbox 715 2975 777 3036; x_wconf 83' lang='lat' dir='ltr'><strong>ego</strong></span> <span class='ocrx_word' id='word_1_174' title='bbox 792 2953 921 3037; x_wconf 87' lang='lat' dir='ltr'><strong>quidem</strong></span> <span class='ocrx_word' id='word_1_175' title='bbox 937 2953 1084 3015; x_wconf 81' lang='lat' dir='ltr'><strong>Erasmet</strong></span> <span class='ocrx_word' id='word_1_176' title='bbox 1098 2949 1167 3013; x_wconf 80' lang='lat' dir='ltr'><strong>ntis</strong></span> 
     </span>
     <span class='ocr_line' id='line_1_24' title="bbox 145 3049 1167 3130; baseline -0.005 -11"><span class='ocrx_word' id='word_1_177' title='bbox 145 3079 212 3119; x_wconf 91' lang='lat' dir='ltr'><strong>non</strong></span> <span class='ocrx_word' id='word_1_178' title='bbox 230 3077 318 3130; x_wconf 89' lang='lat' dir='ltr'><strong>sum,</strong></span> <span class='ocrx_word' id='word_1_179' title='bbox 339 3053 556 3130; x_wconf 77' lang='lat' dir='ltr'><strong>subjecturum</strong></span> <span class='ocrx_word' id='word_1_180' title='bbox 575 3064 623 3129; x_wconf 90' lang='lat' dir='ltr'><strong>te,</strong></span> <span class='ocrx_word' id='word_1_181' title='bbox 642 3074 715 3119; x_wconf 89' lang='lat' dir='ltr'><strong>cum</strong></span> <span class='ocrx_word' id='word_1_182' title='bbox 728 3055 872 3119; x_wconf 89' lang='lat' dir='ltr'><strong>Timonis</strong></span> <span class='ocrx_word' id='word_1_183' title='bbox 892 3051 1017 3116; x_wconf 80' lang='lat' dir='ltr'><strong>amicis:</strong></span> <span class='ocrx_word' id='word_1_184' title='bbox 1038 3052 1082 3115; x_wconf 88' lang='lat' dir='ltr'><strong>At</strong></span> <span class='ocrx_word' id='word_1_185' title='bbox 1100 3049 1167 3114; x_wconf 80' lang='lat' dir='ltr'><strong>talis</strong></span> 
     </span>
     <span class='ocr_line' id='line_1_25' title="bbox 149 3152 1167 3239; baseline -0.005 -21"><span class='ocrx_word' id='word_1_186' title='bbox 149 3169 262 3239; x_wconf 85' lang='lat' dir='ltr'><strong>postea</strong></span> <span class='ocrx_word' id='word_1_187' title='bbox 287 3157 394 3229; x_wconf 77' lang='lat' dir='ltr'><strong>eriso</strong></span> <span class='ocrx_word' id='word_1_188' title='bbox 416 3158 571 3221; x_wconf 86' lang='lat' dir='ltr'><strong>Adriauel</strong></span> <span class='ocrx_word' id='word_1_189' title='bbox 608 3157 671 3219; x_wconf 89' lang='lat' dir='ltr'><strong>Sed</strong></span> <span class='ocrx_word' id='word_1_190' title='bbox 691 3157 723 3219; x_wconf 94' lang='lat' dir='ltr'><strong>in</strong></span> <span class='ocrx_word' id='word_1_191' title='bbox 743 3156 932 3219; x_wconf 81' lang='lat' dir='ltr'><strong>Pontificem</strong></span> <span class='ocrx_word' id='word_1_192' title='bbox 958 3152 1043 3216; x_wconf 87' lang='lat' dir='ltr'><strong>forte</strong></span> <span class='ocrx_word' id='word_1_193' title='bbox 1073 3172 1167 3214; x_wconf 88' lang='lat' dir='ltr'><strong>nemo</strong></span> 
     </span>
     <span class='ocr_line' id='line_1_26' title="bbox 145 3255 1169 3339; baseline -0.004 -22"><span class='ocrx_word' id='word_1_194' title='bbox 145 3256 266 3338; x_wconf 82' lang='lat' dir='ltr'><strong>aliquis</strong></span> <span class='ocrx_word' id='word_1_195' title='bbox 275 3255 400 3318; x_wconf 84' lang='lat' dir='ltr'><strong>nimitun</strong></span> <span class='ocrx_word' id='word_1_196' title='bbox 411 3260 536 3321; x_wconf 86' lang='lat' dir='ltr'><strong>laudern</strong></span> <span class='ocrx_word' id='word_1_197' title='bbox 548 3257 753 3339; x_wconf 83' lang='lat' dir='ltr'><strong>congesserit.</strong></span> <span class='ocrx_word' id='word_1_198' title='bbox 792 3256 878 3338; x_wconf 84' lang='lat' dir='ltr'><strong>Quid</strong></span> <span class='ocrx_word' id='word_1_199' title='bbox 893 3255 1049 3335; x_wconf 83' lang='lat' dir='ltr'><strong>Glapiou?</strong></span> <span class='ocrx_word' id='word_1_200' title='bbox 1069 3274 1169 3336; x_wconf 87' lang='lat' dir='ltr'><strong>quau-</strong></span> 
     </span>
     <span class='ocr_line' id='line_1_27' title="bbox 149 3351 1170 3439; baseline -0.001 -23"><span class='ocrx_word' id='word_1_201' title='bbox 149 3366 183 3418; x_wconf 84' lang='lat' dir='ltr'><strong>ta</strong></span> <span class='ocrx_word' id='word_1_202' title='bbox 201 3366 232 3416; x_wconf 87' lang='lat' dir='ltr'><strong>et</strong></span> <span class='ocrx_word' id='word_1_203' title='bbox 262 3355 329 3435; x_wconf 90' lang='lat' dir='ltr'><strong>ipse</strong></span> <span class='ocrx_word' id='word_1_204' title='bbox 356 3359 429 3421; x_wconf 79' lang='lat' dir='ltr'><strong>tulta</strong></span> <span class='ocrx_word' id='word_1_205' title='bbox 460 3359 514 3423; x_wconf 86' lang='lat' dir='ltr'><strong>abs</strong></span> <span class='ocrx_word' id='word_1_206' title='bbox 534 3369 565 3418; x_wconf 88' lang='lat' dir='ltr'><strong>te</strong></span> <span class='ocrx_word' id='word_1_207' title='bbox 592 3358 735 3421; x_wconf 86' lang='lat' dir='ltr'><strong>canitur?</strong></span> <span class='ocrx_word' id='word_1_208' title='bbox 763 3356 862 3439; x_wconf 86' lang='lat' dir='ltr'><strong>Atqui</strong></span> <span class='ocrx_word' id='word_1_209' title='bbox 882 3357 1005 3419; x_wconf 86' lang='lat' dir='ltr'><strong>solebas</strong></span> <span class='ocrx_word' id='word_1_210' title='bbox 1026 3351 1170 3416; x_wconf 85' lang='lat' dir='ltr'><strong>execrari</strong></span> 
     </span>
     <span class='ocr_line' id='line_1_28' title="bbox 150 3452 1170 3541; baseline -0.006 -21"><span class='ocrx_word' id='word_1_211' title='bbox 150 3456 282 3529; x_wconf 83' lang='lat' dir='ltr'><strong>hominis</strong></span> <span class='ocrx_word' id='word_1_212' title='bbox 303 3458 457 3527; x_wconf 87' lang='lat' dir='ltr'><strong>malitiam.</strong></span> <span class='ocrx_word' id='word_1_213' title='bbox 473 3489 477 3499; x_wconf 87' lang='lat'>·</span> <span class='ocrx_word' id='word_1_214' title='bbox 494 3459 585 3521; x_wconf 77' lang='lat' dir='ltr'><strong>Hanc</strong></span> <span class='ocrx_word' id='word_1_215' title='bbox 605 3461 719 3521; x_wconf 90' lang='lat' dir='ltr'><strong>etenim</strong></span> <span class='ocrx_word' id='word_1_216' title='bbox 739 3457 922 3541; x_wconf 86' lang='lat' dir='ltr'><strong>querebaris</strong></span> <span class='ocrx_word' id='word_1_217' title='bbox 941 3455 1082 3518; x_wconf 86' lang='lat' dir='ltr'><strong>callidam</strong></span> <span class='ocrx_word' id='word_1_218' title='bbox 1101 3452 1170 3514; x_wconf 84' lang='lat' dir='ltr'><strong>vul·</strong></span> 
     </span>
     <span class='ocr_line' id='line_1_29' title="bbox 149 3551 1170 3640; baseline -0.006 -21"><span class='ocrx_word' id='word_1_219' title='bbox 149 3561 310 3640; x_wconf 74' lang='lat' dir='ltr'><strong>peculam,</strong></span> <span class='ocrx_word' id='word_1_220' title='bbox 342 3562 441 3621; x_wconf 87' lang='lat' dir='ltr'><strong>nullas</strong></span> <span class='ocrx_word' id='word_1_221' title='bbox 467 3579 533 3621; x_wconf 92' lang='lat' dir='ltr'><strong>non</strong></span> <span class='ocrx_word' id='word_1_222' title='bbox 558 3562 650 3622; x_wconf 83' lang='lat' dir='ltr'><strong>malas</strong></span> <span class='ocrx_word' id='word_1_223' title='bbox 677 3571 758 3623; x_wconf 89' lang='lat' dir='ltr'><strong>artes</strong></span> <span class='ocrx_word' id='word_1_224' title='bbox 786 3561 971 3631; x_wconf 84' lang='lat' dir='ltr'><strong>advertere,</strong></span> <span class='ocrx_word' id='word_1_225' title='bbox 1001 3566 1036 3617; x_wconf 89' lang='lat' dir='ltr'><strong>ut</strong></span> <span class='ocrx_word' id='word_1_226' title='bbox 1063 3551 1170 3633; x_wconf 90' lang='lat' dir='ltr'><strong>oppri-</strong></span> 
     </span>
     <span class='ocr_line' id='line_1_30' title="bbox 149 3650 1171 3739; baseline -0.01 -16"><span class='ocrx_word' id='word_1_227' title='bbox 149 3660 256 3723; x_wconf 89' lang='lat' dir='ltr'><strong>mendi</strong></span> <span class='ocrx_word' id='word_1_228' title='bbox 286 3661 331 3721; x_wconf 92' lang='lat' dir='ltr'><strong>tui</strong></span> <span class='ocrx_word' id='word_1_229' title='bbox 360 3680 464 3721; x_wconf 72' lang='lat' dir='ltr'><strong>artium</strong></span> <span class='ocrx_word' id='word_1_230' title='bbox 488 3661 748 3739; x_wconf 84' lang='lat' dir='ltr'><strong>apprehenderet.</strong></span> <span class='ocrx_word' id='word_1_231' title='bbox 802 3661 948 3721; x_wconf 87' lang='lat' dir='ltr'><strong>Eundem</strong></span> <span class='ocrx_word' id='word_1_232' title='bbox 975 3674 1045 3716; x_wconf 88' lang='lat' dir='ltr'><strong>esse</strong></span> <span class='ocrx_word' id='word_1_233' title='bbox 1073 3650 1171 3733; x_wconf 80' lang='lat' dir='ltr'><strong>pessi·</strong></span> 
     </span>
     <span class='ocr_line' id='line_1_31' title="bbox 147 3753 1169 3841; baseline -0.01 -15"><span class='ocrx_word' id='word_1_234' title='bbox 147 3782 232 3826; x_wconf 85' lang='lat' dir='ltr'><strong>mum</strong></span> <span class='ocrx_word' id='word_1_235' title='bbox 252 3760 454 3841; x_wconf 79' lang='lat' dir='ltr'><strong>magistrum,</strong></span> <span class='ocrx_word' id='word_1_236' title='bbox 480 3760 648 3838; x_wconf 82' lang='lat' dir='ltr'><strong>pessimum</strong></span> <span class='ocrx_word' id='word_1_237' title='bbox 669 3762 898 3833; x_wconf 89' lang='lat' dir='ltr'><strong>consultorem,</strong></span> <span class='ocrx_word' id='word_1_238' title='bbox 928 3756 983 3840; x_wconf 91' lang='lat' dir='ltr'><strong>qui</strong></span> <span class='ocrx_word' id='word_1_239' title='bbox 1009 3756 1048 3815; x_wconf 84' lang='lat' dir='ltr'><strong>ab</strong></span> <span class='ocrx_word' id='word_1_240' title='bbox 1068 3753 1169 3816; x_wconf 87' lang='lat' dir='ltr'><strong>omnis</strong></span> 
     </span>
     <span class='ocr_line' id='line_1_32' title="bbox 151 3856 1170 3945; baseline -0.009 -22"><span class='ocrx_word' id='word_1_241' title='bbox 151 3862 278 3945; x_wconf 82' lang='lat' dir='ltr'><strong>generis</strong></span> <span class='ocrx_word' id='word_1_242' title='bbox 328 3861 513 3923; x_wconf 84' lang='lat' dir='ltr'><strong>salutaribus</strong></span> <span class='ocrx_word' id='word_1_243' title='bbox 556 3861 681 3924; x_wconf 86' lang='lat' dir='ltr'><strong>monitis</strong></span> <span class='ocrx_word' id='word_1_244' title='bbox 712 3871 868 3922; x_wconf 87' lang='lat' dir='ltr'><strong>averteret</strong></span> <span class='ocrx_word' id='word_1_245' title='bbox 903 3856 1034 3920; x_wconf 84' lang='lat' dir='ltr'><strong>Caesaris</strong></span> <span class='ocrx_word' id='word_1_246' title='bbox 1067 3874 1170 3928; x_wconf 88' lang='lat' dir='ltr'><strong>aures,</strong></span> 
     </span>
     <span class='ocr_line' id='line_1_33' title="bbox 152 3954 1173 4044; baseline -0.007 -19"><span class='ocrx_word' id='word_1_247' title='bbox 152 3964 238 4025; x_wconf 89' lang='lat' dir='ltr'><strong>omni</strong></span> <span class='ocrx_word' id='word_1_248' title='bbox 251 3972 361 4022; x_wconf 81' lang='lat' dir='ltr'><strong>contra</strong></span> <span class='ocrx_word' id='word_1_249' title='bbox 374 3961 577 4042; x_wconf 82' lang='lat' dir='ltr'><strong>perversitate</strong></span> <span class='ocrx_word' id='word_1_250' title='bbox 589 3962 760 4037; x_wconf 86' lang='lat' dir='ltr'><strong>imbueret,</strong></span> <span class='ocrx_word' id='word_1_251' title='bbox 778 3973 872 4044; x_wconf 87' lang='lat' dir='ltr'><strong>atque</strong></span> <span class='ocrx_word' id='word_1_252' title='bbox 886 3960 925 4020; x_wconf 86' lang='lat' dir='ltr'><strong>ab</strong></span> <span class='ocrx_word' id='word_1_253' title='bbox 939 3954 1173 4038; x_wconf 85' lang='lat' dir='ltr'><strong>hoccorrumpi</strong></span> 
     </span>
     <span class='ocr_line' id='line_1_34' title="bbox 151 4056 1171 4146; baseline -0.006 -21"><span class='ocrx_word' id='word_1_254' title='bbox 151 4065 301 4146; x_wconf 87' lang='lat' dir='ltr'><strong>optimam</strong></span> <span class='ocrx_word' id='word_1_255' title='bbox 331 4064 537 4125; x_wconf 83' lang='lat' dir='ltr'><strong>adolescentis</strong></span> <span class='ocrx_word' id='word_1_256' title='bbox 563 4065 718 4139; x_wconf 87' lang='lat' dir='ltr'><strong>indolem,</strong></span> <span class='ocrx_word' id='word_1_257' title='bbox 750 4063 852 4142; x_wconf 85' lang='lat' dir='ltr'><strong>ipsum</strong></span> <span class='ocrx_word' id='word_1_258' title='bbox 881 4062 915 4122; x_wconf 90' lang='lat' dir='ltr'><strong>in</strong></span> <span class='ocrx_word' id='word_1_259' title='bbox 946 4062 1024 4120; x_wconf 88' lang='lat' dir='ltr'><strong>mala</strong></span> <span class='ocrx_word' id='word_1_260' title='bbox 1056 4056 1171 4119; x_wconf 87' lang='lat' dir='ltr'><strong>abduci</strong></span> 
     </span>
     <span class='ocr_line' id='line_1_35' title="bbox 149 4154 1173 4244; baseline -0.009 -18"><span class='ocrx_word' id='word_1_261' title='bbox 149 4166 263 4229; x_wconf 88' lang='lat' dir='ltr'><strong>studia.</strong></span> <span class='ocrx_word' id='word_1_262' title='bbox 312 4166 389 4244; x_wconf 78' lang='lat' dir='ltr'><strong>Qun</strong></span> <span class='ocrx_word' id='word_1_263' title='bbox 409 4166 526 4227; x_wconf 85' lang='lat' dir='ltr'><strong>utinam</strong></span> <span class='ocrx_word' id='word_1_264' title='bbox 554 4168 631 4227; x_wconf 88' lang='lat' dir='ltr'><strong>falsa</strong></span> <span class='ocrx_word' id='word_1_265' title='bbox 654 4165 830 4227; x_wconf 80' lang='lat' dir='ltr'><strong>monuisses</strong></span> <span class='ocrx_word' id='word_1_266' title='bbox 849 4154 972 4242; x_wconf 88' lang='lat' dir='ltr'><strong>potius,</strong></span> <span class='ocrx_word' id='word_1_267' title='bbox 1002 4178 1095 4242; x_wconf 88' lang='lat' dir='ltr'><strong>quam</strong></span> <span class='ocrx_word' id='word_1_268' title='bbox 1113 4157 1173 4219; x_wconf 83' lang='lat' dir='ltr'><strong>ista</strong></span> 
     </span>
     <span class='ocr_line' id='line_1_36' title="bbox 152 4257 1173 4345; baseline -0.007 -17"><span class='ocrx_word' id='word_1_269' title='bbox 152 4287 238 4328; x_wconf 90' lang='lat' dir='ltr'><strong>nunc</strong></span> <span class='ocrx_word' id='word_1_270' title='bbox 258 4267 404 4328; x_wconf 83' lang='lat' dir='ltr'><strong>falsarum</strong></span> <span class='ocrx_word' id='word_1_271' title='bbox 424 4268 552 4328; x_wconf 87' lang='lat' dir='ltr'><strong>laudum</strong></span> <span class='ocrx_word' id='word_1_272' title='bbox 577 4266 734 4345; x_wconf 83' lang='lat' dir='ltr'><strong>praeconia</strong></span> <span class='ocrx_word' id='word_1_273' title='bbox 760 4276 915 4326; x_wconf 76' lang='lat' dir='ltr'><strong>occentus.</strong></span> <span class='ocrx_word' id='word_1_274' title='bbox 966 4263 1069 4323; x_wconf 88' lang='lat' dir='ltr'><strong>Multa</strong></span> <span class='ocrx_word' id='word_1_275' title='bbox 1089 4257 1173 4321; x_wconf 86' lang='lat' dir='ltr'><strong>enim</strong></span> 
     </span>
     <span class='ocr_line' id='line_1_37' title="bbox 151 4364 1173 4448; baseline -0.009 -16"><span class='ocrx_word' id='word_1_276' title='bbox 151 4369 263 4433; x_wconf 84' lang='lat' dir='ltr'><strong>melius</strong></span> <span class='ocrx_word' id='word_1_277' title='bbox 294 4368 445 4431; x_wconf 87' lang='lat' dir='ltr'><strong>habereut</strong></span> <span class='ocrx_word' id='word_1_278' title='bbox 465 4370 498 4432; x_wconf 91' lang='lat' dir='ltr'><strong>in</strong></span> <span class='ocrx_word' id='word_1_279' title='bbox 522 4367 723 4441; x_wconf 82' lang='lat' dir='ltr'><strong>Germanica,</strong></span> <span class='ocrx_word' id='word_1_280' title='bbox 752 4386 813 4428; x_wconf 84' lang='lat' dir='ltr'><strong>nos</strong></span> <span class='ocrx_word' id='word_1_281' title='bbox 840 4364 980 4448; x_wconf 80' lang='lat' dir='ltr'><strong>aequiore</strong></span> <span class='ocrx_word' id='word_1_282' title='bbox 1011 4372 1173 4425; x_wconf 81' lang='lat' dir='ltr'><strong>uteremur</strong></span> 
     </span>
    </p>
   </div>
   <div class='ocr_carea' id='block_1_4' title="bbox 0 0 1327 5108">
    <p class='ocr_par' dir='ltr' id='par_1_4' title="bbox 0 0 1327 5108">
     <span class='ocr_line' id='line_1_38' title="bbox 0 0 1327 5108; baseline 0 0"><span class='ocrx_word' id='word_1_283' title='bbox 0 0 1327 5108; x_wconf 95' lang='lat' dir='ltr'><strong> </strong></span> 
     </span>
    </p>
   </div>
  </div>
 </body>
</html>
