2618 5108
477 78 839 321 ..ff
940 307 1003 322 --
1066 304 1181 326 ,.,,.
1268 333 1290 336 ,ί

198 826 306 905 dtu·
492 812 699 900 ‘Praedones
740 810 930 921 upupa

610 1008 827 1077 ssuttenur,

292 1116 381 1179 Bene
401 1112 506 1183 hehet,
556 1109 638 1179 Nam
666 1107 806 1181 odiosius
831 1101 1115 1193 numm
1142 1102 1226 1183 dh·

206 1215 334 1282 undem
351 1212 553 1299 perfecimus,

586 1323 845 1399 Francisous,

280 1429 364 1514 Quia
384 1428 424 1492 ad
444 1425 627 1495 Curtisanos
649 1435 838 1505 perventum
858 1434 923 1500 cst,
951 1424 1010 1491 huo
1028 1434 1107 1502 puto
1126 1438 1227 1503 agen·

206 1533 285 1599 dnm
303 1532 378 1604 tibi,
398 1530 553 1599 Huttens'
583 1537 618 1598 ut
638 1523 705 1597 ab
697 1524 785 1591 tuitio
805 1544 948 1616 exponcs
965 1523 1076 1600 nohis„
1095 1533 1176 1609 quot
1194 1532 1230 1585 et

206 1630 332 1762 quantis
350 1629 465 1695 referta
484 1628 569 1702 ruatis
589 1625 665 1700 urbs
685 1627 787 1696 Roma
805 1622 856 1698 sit,

480 1770 486 1777 '
539 1762 543 1768 '
608 1760 827 1832 Huttenus,

281 1862 421 1930 Numera
439 1871 474 1932 tn
494 1881 625 1957 quoqne
645 1863 764 1934 stelias,
777 1871 816 1929 et
836 1866 1126 1951 arenamsupputa.

584 1977 612 2040 F
618 1978 834 2047 ranciscus,

287 2079 408 2142 Tamen
427 2075 547 2161 aliquid
565 2077 613 2145 uic
630 2078 671 2151 de
689 2077 829 2165 principe
852 2075 973 2148 civitate
987 2072 1118 2139 Pseudo
1134 2075 1227 2158 Epis·

207 2201 364 2267 coporum
383 2181 483 2251 nunc}
1066 2160 1071 2177 ¹

612 2294 827 2369 Buttenus,

283 2397 402 2460 Extant
419 2390 558 2481 Dialngi,
581 2404 613 2456 et
632 2396 689 2462 aiis
708 2415 725 2460 a
741 2414 791 2459 mo
809 2395 841 2455 in
859 2393 1024 2466 irruerem
1042 2389 1228 2486 perscriptp,

209 2494 319 2577 legite!

592 2609 844 2684 Franciscus,

283 2710 381 2795 Quasi
411 2730 490 2776 vero
517 2711 686 2792 legendum
714 2708 776 2791 jam
802 2711 857 2786 sit,
889 2723 921 2779 ct
946 2728 1012 2773 ucn
1036 2705 1230 2779 familiariter

208 2811 315 2896 potius
335 2810 609 2886 confabulandum,

606 2944 825 3017 Huttenus,

279 3044 391 3128 ltaque
410 3063 511 3115 uuum
529 3045 590 3105 hoc
612 3045 724 3106 scitote
743 3045 896 3127 primum,
917 3046 1084 3109 deterrima
1097 3057 1136 3107 et
1154 3062 1230 3126 per·

208 3143 387 3216 meusimc
406 3164 476 3205 esse
495 3145 604 3214 Rome
625 3143 745 3221 omnia,
774 3157 805 3208 st
825 3149 913 3229 quod
933 3145 996 3214 dici
1016 3148 1096 3208 solet
1125 3139 1232 3216 „code

209 3242 312 3320 ipsiu*
345 3244 383 3307 ld
402 3243 491 3327 quod
513 3263 555 3305 eo
581 3245 671 3309 etiam
689 3245 898 3325 perniciosius
918 3263 979 3323 est,
1009 3247 1099 3330 quod
1117 3245 1232 3313 urbem

207 3347 288 3413 hauc
304 3344 511 3419 invenerunt,
531 3364 625 3426 quarn
636 3345 773 3419 ecclesie
787 3359 879 3426 ceput
892 3346 1101 3413 instituerent.
1119 3347 1231 3431 Atque

206 3446 251 3511 tbi
264 3454 435 3510 erexerunt
446 3443 611 3524 impudens
622 3444 682 3505 hoe
695 3444 831 3526 idolum,
845 3446 1032 3517 Pontificem
1040 3445 1231 3528 Maximum,

207 3546 261 3611 cui
281 3543 385 3609 omnia
405 3555 644 3620 concesserunt,
664 3545 756 3613 etiam
776 3557 810 3607 ut
829 3545 946 3628 possit,
968 3545 995 3610 si
1010 3547 1100 3623 vclit,
1120 3561 1233 3613 eontra

208 3647 323 3712 Christi
342 3643 516 3708 doctrinam
535 3643 660 3706 edicere
683 3645 818 3728 aliquid,
838 3657 873 3707 ut
890 3645 1058 3708 edixerunt
1079 3647 1231 3709 hactenus

208 3748 320 3820 multa,
341 3757 373 3808 et
392 3745 432 3807 ab
451 3746 626 3826 Evangelio
640 3744 818 3820 discedere,
841 3757 1119 3830 quantumcunque
1133 3748 1230 3829 longe

179 3846 349 3962 placeat,
370 3858 469 3927 utque
489 3842 519 3906 ei
539 3843 629 3907 liceat
649 3845 775 3907 beatum
794 3845 916 3922 fucere,
937 3866 1160 3933 quemcunque
1179 3844 1231 3908 vi·

207 3967 278 4011 sum
296 3942 411 4019 suerit,
443 3943 469 4007 si
488 3942 514 4005 is
535 3944 623 4006 vivut
648 3947 783 4026 pessime
803 3946 912 4023 etiam,
944 3958 975 4009 et
995 3948 1144 4009 ‹lamnarc
1162 3944 1231 4008 ani·

208 4067 274 4110 mas
293 4066 423 4119 eorum,
446 4044 503 4126 qui
522 4043 775 4110 innocentissime
794 4062 1032 4110 conversantur.
1070 4047 1229 4123 Breviter,

207 4155 246 4209 ut
262 4157 380 4207 tantum
395 4144 512 4226 possit,
534 4164 684 4226 quantum
700 4147 882 4228 permittere
898 4147 955 4208 sibi
972 4147 1098 4221 audeat,
1122 4164 1232 4229 neque

208 4246 238 4310 ei
257 4244 472 4308 contradicere
489 4245 596 4321 liceat,
630 4268 670 4306 ne
690 4246 929 4310 obmurmurare
949 4248 1093 4330 quidem,
1120 4264 1231 4329 neque

206 4348 255 4413 ins
276 4350 315 4410 sit
332 4347 487 4428 derogare
507 4357 694 4429 potestatem
714 4347 760 4423 ei,
790 4360 953 4431 utcunque
975 4347 1077 4423 vivat,
1098 4363 1131 4409 et
1151 4368 1231 4430 qua·

207 4450 371 4530 iiscunque
393 4444 444 4521 sit,
462 4445 535 4509 licet
554 4447 693 4510 ecclesie
713 4449 856 4513 videatur
873 4448 977 4511 etium.
1015 4449 1096 4515 Nam
1113 4458 1147 4511 et
1165 4448 1230 4513 hoc
