<?xml version="1.0" encoding="UTF-8"?>
<!DOCTYPE html PUBLIC "-//W3C//DTD XHTML 1.0 Transitional//EN"
    "http://www.w3.org/TR/xhtml1/DTD/xhtml1-transitional.dtd">
<html xmlns="http://www.w3.org/1999/xhtml" xml:lang="en" lang="en">
 <head>
  <title>
</title>
<meta http-equiv="Content-Type" content="text/html;charset=utf-8" />
  <meta name='ocr-system' content='tesseract 3.04.00' />
  <meta name='ocr-capabilities' content='ocr_page ocr_carea ocr_par ocr_line ocrx_word'/>
</head>
<body>
  <div class='ocr_page' id='page_1' title='image "./ulrichiabhutten00mngoog_0045.png"; bbox 0 0 2618 5108; ppageno 0'>
   <div class='ocr_carea' id='block_1_1' title="bbox 649 456 651 467">
    <p class='ocr_par' dir='ltr' id='par_1_1' title="bbox 649 456 651 467">
     <span class='ocr_line' id='line_1_1' title="bbox 649 456 651 467; baseline 0 0"><span class='ocrx_word' id='word_1_1' title='bbox 649 456 651 467; x_wconf 88' lang='lat' dir='ltr'>t</span> 
     </span>
    </p>
   </div>
   <div class='ocr_carea' id='block_1_2' title="bbox 318 818 1169 938">
    <p class='ocr_par' dir='ltr' id='par_1_2' title="bbox 318 818 1169 938">
     <span class='ocr_line' id='line_1_2' title="bbox 318 818 1169 938; baseline 0.007 -6"><span class='ocrx_word' id='word_1_2' title='bbox 318 818 321 822; x_wconf 8' lang='grc' dir='ltr'><strong>Δ</strong></span> <span class='ocrx_word' id='word_1_3' title='bbox 367 849 413 933; x_wconf 85' lang='lat' dir='ltr'>In</span> <span class='ocrx_word' id='word_1_4' title='bbox 437 854 640 931; x_wconf 90' lang='lat' dir='ltr'>Lutherum</span> <span class='ocrx_word' id='word_1_5' title='bbox 665 859 769 932; x_wconf 78' lang='lat' dir='ltr'>Bulla</span> <span class='ocrx_word' id='word_1_6' title='bbox 793 857 941 935; x_wconf 80' lang='lat' dir='ltr'>Leonis.</span> <span class='ocrx_word' id='word_1_7' title='bbox 1122 869 1169 938; x_wconf 82' lang='lat'>35</span> 
     </span>
    </p>
   </div>
   <div class='ocr_carea' id='block_1_3' title="bbox 88 1047 1202 2348">
    <p class='ocr_par' dir='ltr' id='par_1_3' title="bbox 88 1047 1202 2348">
     <span class='ocr_line' id='line_1_3' title="bbox 138 1047 1170 1136; baseline 0.009 -26"><span class='ocrx_word' id='word_1_8' title='bbox 138 1047 259 1123; x_wconf 75' lang='lat' dir='ltr'>vimus,</span> <span class='ocrx_word' id='word_1_9' title='bbox 280 1057 331 1124; x_wconf 88' lang='lat' dir='ltr'>et,</span> <span class='ocrx_word' id='word_1_10' title='bbox 350 1061 506 1134; x_wconf 79' lang='lat' dir='ltr'>quantum</span> <span class='ocrx_word' id='word_1_11' title='bbox 523 1049 557 1112; x_wconf 89' lang='lat' dir='ltr'>in</span> <span class='ocrx_word' id='word_1_12' title='bbox 575 1048 669 1114; x_wconf 85' lang='lat' dir='ltr'>nobis</span> <span class='ocrx_word' id='word_1_13' title='bbox 689 1062 752 1127; x_wconf 88' lang='lat' dir='ltr'>est,</span> <span class='ocrx_word' id='word_1_14' title='bbox 773 1072 868 1135; x_wconf 81' lang='lat' dir='ltr'>ogere</span> <span class='ocrx_word' id='word_1_15' title='bbox 885 1055 987 1131; x_wconf 84' lang='lat' dir='ltr'>r)‚·ut</span> <span class='ocrx_word' id='word_1_16' title='bbox 1006 1055 1170 1136; x_wconf 74' lang='lat' dir='ltr'>proposita</span> 
     </span>
     <span class='ocr_line' id='line_1_4' title="bbox 140 1152 1171 1237; baseline 0.006 -25"><span class='ocrx_word' id='word_1_17' title='bbox 140 1152 391 1214; x_wconf 74' lang='lat' dir='ltr'>meiisuetudinis</span> <span class='ocrx_word' id='word_1_18' title='bbox 413 1153 464 1213; x_wconf 79' lang='lat' dir='ltr'>via</span> <span class='ocrx_word' id='word_1_19' title='bbox 482 1153 522 1214; x_wconf 87' lang='lat' dir='ltr'>od</span> <span class='ocrx_word' id='word_1_20' title='bbox 541 1172 598 1214; x_wconf 87' lang='lat' dir='ltr'>cor</span> <span class='ocrx_word' id='word_1_21' title='bbox 617 1163 796 1215; x_wconf 82' lang='lat' dir='ltr'>revertatur</span> <span class='ocrx_word' id='word_1_22' title='bbox 816 1167 848 1216; x_wconf 89' lang='lat' dir='ltr'>et</span> <span class='ocrx_word' id='word_1_23' title='bbox 867 1177 884 1216; x_wconf 79' lang='lat' dir='ltr'>a</span> <span class='ocrx_word' id='word_1_24' title='bbox 905 1156 1060 1237; x_wconf 74' lang='lat' dir='ltr'>predictis</span> <span class='ocrx_word' id='word_1_25' title='bbox 1080 1176 1171 1219; x_wconf 85' lang='lat' dir='ltr'>reee-</span> 
     </span>
     <span class='ocr_line' id='line_1_5' title="bbox 138 1238 1170 1339; baseline 0.007 -28"><span class='ocrx_word' id='word_1_26' title='bbox 138 1238 390 1327; x_wconf 64' lang='lat' dir='ltr'>circitoribus,</span> <span class='ocrx_word' id='word_1_27' title='bbox 413 1264 448 1314; x_wconf 87' lang='lat' dir='ltr'>nt</span> <span class='ocrx_word' id='word_1_28' title='bbox 464 1253 566 1334; x_wconf 79' lang='lat' dir='ltr'>ipsum</span> <span class='ocrx_word' id='word_1_29' title='bbox 583 1265 732 1335; x_wconf 79' lang='lat' dir='ltr'>tanquam</span> <span class='ocrx_word' id='word_1_30' title='bbox 748 1253 846 1315; x_wconf 79' lang='lat' dir='ltr'>hhum</span> <span class='ocrx_word' id='word_1_31' title='bbox 860 1258 943 1318; x_wconf 90' lang='lat' dir='ltr'>iihun</span> <span class='ocrx_word' id='word_1_32' title='bbox 960 1256 1131 1339; x_wconf 81' lang='lat' dir='ltr'>prodigum</span> <span class='ocrx_word' id='word_1_33' title='bbox 1142 1259 1170 1336; x_wconf 79' lang='lat' dir='ltr'>t)</span> 
     </span>
     <span class='ocr_line' id='line_1_6' title="bbox 136 1348 1170 1437; baseline 0.007 -24"><span class='ocrx_word' id='word_1_34' title='bbox 136 1353 178 1413; x_wconf 81' lang='lat' dir='ltr'>nii</span> <span class='ocrx_word' id='word_1_35' title='bbox 198 1352 357 1434; x_wconf 85' lang='lat' dir='ltr'>gremium</span> <span class='ocrx_word' id='word_1_36' title='bbox 377 1348 515 1414; x_wconf 79' lang='lat' dir='ltr'>ecclesie</span> <span class='ocrx_word' id='word_1_37' title='bbox 530 1354 555 1427; x_wconf 78' lang='lat' dir='ltr'>c)</span> <span class='ocrx_word' id='word_1_38' title='bbox 576 1366 787 1417; x_wconf 89' lang='lat' dir='ltr'>revertentem</span> <span class='ocrx_word' id='word_1_39' title='bbox 811 1355 950 1437; x_wconf 82' lang='lat' dir='ltr'>benigne</span> <span class='ocrx_word' id='word_1_40' title='bbox 970 1358 1170 1437; x_wconf 78' lang='lat' dir='ltr'>recipiemus.</span> 
     </span>
     <span class='ocr_line' id='line_1_7' title="bbox 135 1452 1167 1539; baseline 0.009 -26"><span class='ocrx_word' id='word_1_41' title='bbox 135 1452 250 1533; x_wconf 85' lang='lat' dir='ltr'>Ipsum</span> <span class='ocrx_word' id='word_1_42' title='bbox 278 1453 376 1534; x_wconf 83' lang='lat' dir='ltr'>igitur</span> <span class='ocrx_word' id='word_1_43' title='bbox 396 1455 572 1516; x_wconf 72' lang='lat' dir='ltr'>Matrinum</span> <span class='ocrx_word' id='word_1_44' title='bbox 601 1466 633 1514; x_wconf 89' lang='lat' dir='ltr'>et</span> <span class='ocrx_word' id='word_1_45' title='bbox 661 1476 882 1539; x_wconf 85' lang='lat' dir='ltr'>quoscumque</span> <span class='ocrx_word' id='word_1_46' title='bbox 908 1459 939 1519; x_wconf 87' lang='lat' dir='ltr'>ei</span> <span class='ocrx_word' id='word_1_47' title='bbox 962 1460 1167 1535; x_wconf 68' lang='lat' dir='ltr'><strong>adherentes,</strong></span> 
     </span>
     <span class='ocr_line' id='line_1_8' title="bbox 136 1550 1170 1638; baseline 0.005 -21"><span class='ocrx_word' id='word_1_48' title='bbox 136 1550 279 1638; x_wconf 85' lang='lat' dir='ltr'>ejusque</span> <span class='ocrx_word' id='word_1_49' title='bbox 299 1567 517 1636; x_wconf 67' lang='lat' dir='ltr'>receptatores</span> <span class='ocrx_word' id='word_1_50' title='bbox 547 1567 578 1617; x_wconf 92' lang='lat' dir='ltr'>et</span> <span class='ocrx_word' id='word_1_51' title='bbox 610 1555 751 1619; x_wconf 79' lang='lat' dir='ltr'><strong>fautores</strong></span> <span class='ocrx_word' id='word_1_52' title='bbox 772 1577 831 1636; x_wconf 73' lang='lat' dir='ltr'>pet</span> <span class='ocrx_word' id='word_1_53' title='bbox 850 1559 973 1620; x_wconf 80' lang='lat' dir='ltr'>viscera</span> <span class='ocrx_word' id='word_1_54' title='bbox 991 1559 1170 1622; x_wconf 86' lang='lat' dir='ltr'>misericor·</span> 
     </span>
     <span class='ocr_line' id='line_1_9' title="bbox 88 1644 1169 1741; baseline 0.005 -24"><span class='ocrx_word' id='word_1_55' title='bbox 88 1723 91 1727; x_wconf 58' lang='grc'><strong>,</strong></span> <span class='ocrx_word' id='word_1_56' title='bbox 135 1655 241 1730; x_wconf 79' lang='lat' dir='ltr'>died)</span> <span class='ocrx_word' id='word_1_57' title='bbox 270 1655 333 1718; x_wconf 87' lang='lat' dir='ltr'>Dei</span> <span class='ocrx_word' id='word_1_58' title='bbox 361 1660 460 1718; x_wconf 83' lang='lat' dir='ltr'><strong>nostri</strong></span> <span class='ocrx_word' id='word_1_59' title='bbox 487 1668 520 1718; x_wconf 87' lang='lat' dir='ltr'>et</span> <span class='ocrx_word' id='word_1_60' title='bbox 544 1679 602 1738; x_wconf 89' lang='lat' dir='ltr'>per</span> <span class='ocrx_word' id='word_1_61' title='bbox 629 1644 847 1736; x_wconf 78' lang='lat' dir='ltr'>aspersionem</span> <span class='ocrx_word' id='word_1_62' title='bbox 866 1659 1029 1741; x_wconf 74' lang='lat' dir='ltr'>sanguinis</span> <span class='ocrx_word' id='word_1_63' title='bbox 1050 1659 1169 1722; x_wconf 87' lang='lat' dir='ltr'>domini</span> 
     </span>
     <span class='ocr_line' id='line_1_10' title="bbox 135 1754 1202 1842; baseline 0.006 -24"><span class='ocrx_word' id='word_1_64' title='bbox 135 1759 243 1820; x_wconf 83' lang='lat' dir='ltr'>nostri</span> <span class='ocrx_word' id='word_1_65' title='bbox 261 1757 342 1820; x_wconf 84' lang='lat' dir='ltr'>Jesu</span> <span class='ocrx_word' id='word_1_66' title='bbox 362 1754 499 1833; x_wconf 83' lang='lat' dir='ltr'>Christi,</span> <span class='ocrx_word' id='word_1_67' title='bbox 531 1779 594 1839; x_wconf 87' lang='lat' dir='ltr'>qno</span> <span class='ocrx_word' id='word_1_68' title='bbox 620 1768 651 1817; x_wconf 89' lang='lat' dir='ltr'>et</span> <span class='ocrx_word' id='word_1_69' title='bbox 679 1781 737 1838; x_wconf 81' lang='lat' dir='ltr'>per</span> <span class='ocrx_word' id='word_1_70' title='bbox 764 1779 860 1842; x_wconf 85' lang='lat' dir='ltr'>quem</span> <span class='ocrx_word' id='word_1_71' title='bbox 884 1762 1011 1823; x_wconf 81' lang='lat' dir='ltr'>humani</span> <span class='ocrx_word' id='word_1_72' title='bbox 1043 1760 1170 1838; x_wconf 75' lang='lat' dir='ltr'>generis</span> <span class='ocrx_word' id='word_1_73' title='bbox 1199 1798 1202 1805; x_wconf 79' lang='lat'>,</span> 
     </span>
     <span class='ocr_line' id='line_1_11' title="bbox 136 1858 1170 1939; baseline 0.002 -16"><span class='ocrx_word' id='word_1_74' title='bbox 136 1858 319 1939; x_wconf 79' lang='lat' dir='ltr'>redemptio</span> <span class='ocrx_word' id='word_1_75' title='bbox 349 1873 382 1921; x_wconf 90' lang='lat' dir='ltr'>et</span> <span class='ocrx_word' id='word_1_76' title='bbox 401 1870 513 1920; x_wconf 77' lang='lat' dir='ltr'>sancte</span> <span class='ocrx_word' id='word_1_77' title='bbox 533 1860 639 1922; x_wconf 80' lang='lat' dir='ltr'>matris</span> <span class='ocrx_word' id='word_1_78' title='bbox 659 1861 798 1923; x_wconf 81' lang='lat' dir='ltr'>ecclesie</span> <span class='ocrx_word' id='word_1_79' title='bbox 820 1858 984 1922; x_wconf 75' lang='lat' dir='ltr'>aedificatio</span> <span class='ocrx_word' id='word_1_80' title='bbox 1009 1861 1092 1923; x_wconf 77' lang='lat' dir='ltr'>secta</span> <span class='ocrx_word' id='word_1_81' title='bbox 1111 1876 1170 1938; x_wconf 85' lang='lat' dir='ltr'>cst,</span> 
     </span>
     <span class='ocr_line' id='line_1_12' title="bbox 137 1961 1171 2042; baseline 0.002 -19"><span class='ocrx_word' id='word_1_82' title='bbox 137 1983 180 2023; x_wconf 86' lang='lat' dir='ltr'>ex</span> <span class='ocrx_word' id='word_1_83' title='bbox 202 1971 273 2021; x_wconf 92' lang='lat' dir='ltr'>toto</span> <span class='ocrx_word' id='word_1_84' title='bbox 294 1961 393 2021; x_wconf 84' lang='lat' dir='ltr'>eorde</span> <span class='ocrx_word' id='word_1_85' title='bbox 413 1961 575 2022; x_wconf 75' lang='lat' dir='ltr'>hortamur</span> <span class='ocrx_word' id='word_1_86' title='bbox 595 1972 627 2019; x_wconf 86' lang='lat' dir='ltr'>et</span> <span class='ocrx_word' id='word_1_87' title='bbox 647 1961 849 2023; x_wconf 82' lang='lat' dir='ltr'>obsecramus</span> <span class='ocrx_word' id='word_1_88' title='bbox 864 1962 912 2037; x_wconf 84' lang='lat' dir='ltr'>e),</span> <span class='ocrx_word' id='word_1_89' title='bbox 943 1972 979 2022; x_wconf 91' lang='lat' dir='ltr'>ut</span> <span class='ocrx_word' id='word_1_90' title='bbox 997 1963 1097 2042; x_wconf 85' lang='lat' dir='ltr'>ipsius</span> <span class='ocrx_word' id='word_1_91' title='bbox 1118 1983 1171 2025; x_wconf 92' lang='lat' dir='ltr'>ec·</span> 
     </span>
     <span class='ocr_line' id='line_1_13' title="bbox 138 2060 1172 2145; baseline 0.003 -21"><span class='ocrx_word' id='word_1_92' title='bbox 138 2062 245 2124; x_wconf 80' lang='lat' dir='ltr'>ciesiae</span> <span class='ocrx_word' id='word_1_93' title='bbox 266 2082 396 2142; x_wconf 75' lang='lat' dir='ltr'>pacem,</span> <span class='ocrx_word' id='word_1_94' title='bbox 417 2061 585 2134; x_wconf 84' lang='lat' dir='ltr'>unitatem,</span> <span class='ocrx_word' id='word_1_95' title='bbox 607 2060 785 2136; x_wconf 76' lang='lat' dir='ltr'>veritatem,</span> <span class='ocrx_word' id='word_1_96' title='bbox 812 2083 872 2143; x_wconf 90' lang='lat' dir='ltr'>pro</span> <span class='ocrx_word' id='word_1_97' title='bbox 894 2083 957 2145; x_wconf 82' lang='lat' dir='ltr'>qua</span> <span class='ocrx_word' id='word_1_98' title='bbox 975 2062 1044 2143; x_wconf 89' lang='lat' dir='ltr'>ipse</span> <span class='ocrx_word' id='word_1_99' title='bbox 1064 2063 1172 2130; x_wconf 78' lang='lat' dir='ltr'><strong>Solva·</strong></span> 
     </span>
     <span class='ocr_line' id='line_1_14' title="bbox 140 2160 1171 2242; baseline 0.004 -20"><span class='ocrx_word' id='word_1_100' title='bbox 140 2172 191 2223; x_wconf 89' lang='lat' dir='ltr'>tor</span> <span class='ocrx_word' id='word_1_101' title='bbox 211 2173 276 2224; x_wconf 79' lang='lat' dir='ltr'>tam</span> <span class='ocrx_word' id='word_1_102' title='bbox 295 2162 447 2224; x_wconf 81' lang='lat' dir='ltr'>instanter</span> <span class='ocrx_word' id='word_1_103' title='bbox 475 2160 576 2222; x_wconf 75' lang='lat' dir='ltr'>oravit</span> <span class='ocrx_word' id='word_1_104' title='bbox 594 2162 634 2222; x_wconf 85' lang='lat' dir='ltr'>nd</span> <span class='ocrx_word' id='word_1_105' title='bbox 652 2173 792 2242; x_wconf 81' lang='lat' dir='ltr'>patrem,</span> <span class='ocrx_word' id='word_1_106' title='bbox 823 2164 952 2226; x_wconf 80' lang='lat' dir='ltr'>turbare</span> <span class='ocrx_word' id='word_1_107' title='bbox 982 2164 1133 2226; x_wconf 78' lang='lat' dir='ltr'>desistant</span> <span class='ocrx_word' id='word_1_108' title='bbox 1147 2166 1171 2240; x_wconf 83' lang='lat' dir='ltr'>t)</span> 
     </span>
     <span class='ocr_line' id='line_1_15' title="bbox 141 2254 1172 2348; baseline 0.002 -21"><span class='ocrx_word' id='word_1_109' title='bbox 141 2275 174 2327; x_wconf 91' lang='lat' dir='ltr'>et</span> <span class='ocrx_word' id='word_1_110' title='bbox 193 2285 211 2325; x_wconf 78' lang='lat' dir='ltr'>a</span> <span class='ocrx_word' id='word_1_111' title='bbox 230 2263 387 2345; x_wconf 81' lang='lat' dir='ltr'>praedietis</span> <span class='ocrx_word' id='word_1_112' title='bbox 407 2275 471 2325; x_wconf 80' lang='lat' dir='ltr'>torn</span> <span class='ocrx_word' id='word_1_113' title='bbox 491 2262 675 2342; x_wconf 83' lang='lat' dir='ltr'>perniciosis</span> <span class='ocrx_word' id='word_1_114' title='bbox 697 2262 858 2325; x_wconf 83' lang='lat' dir='ltr'>erroribus</span> <span class='ocrx_word' id='word_1_115' title='bbox 875 2265 903 2340; x_wconf 65' lang='lat' dir='ltr'>g)</span> <span class='ocrx_word' id='word_1_116' title='bbox 924 2285 1056 2348; x_wconf 80' lang='lat' dir='ltr'>prorsus</span> <span class='ocrx_word' id='word_1_117' title='bbox 1077 2254 1172 2328; x_wconf 77' lang='lat' dir='ltr'>absti-</span> 
     </span>
    </p>
   </div>
   <div class='ocr_carea' id='block_1_4' title="bbox 147 2434 377 2454">
    <p class='ocr_par' dir='ltr' id='par_1_4' title="bbox 147 2434 377 2454">
     <span class='ocr_line' id='line_1_16' title="bbox 147 2434 377 2454; baseline -0.004 0"><span class='ocrx_word' id='word_1_118' title='bbox 147 2434 377 2454; x_wconf 60' lang='lat' dir='ltr'>-hn-</span> 
     </span>
    </p>
   </div>
   <div class='ocr_carea' id='block_1_5' title="bbox 175 2549 1173 2877">
    <p class='ocr_par' dir='ltr' id='par_1_5' title="bbox 175 2549 1173 2877">
     <span class='ocr_line' id='line_1_17' title="bbox 175 2549 1173 2625; baseline -0.002 -20"><span class='ocrx_word' id='word_1_119' title='bbox 175 2554 204 2619; x_wconf 76' lang='lat'>2)</span> <span class='ocrx_word' id='word_1_120' title='bbox 225 2550 306 2625; x_wconf 81' lang='lat' dir='ltr'>Quid</span> <span class='ocrx_word' id='word_1_121' title='bbox 324 2550 427 2607; x_wconf 86' lang='lat' dir='ltr'>niteris</span> <span class='ocrx_word' id='word_1_122' title='bbox 446 2549 557 2607; x_wconf 75' lang='lat' dir='ltr'>bonam</span> <span class='ocrx_word' id='word_1_123' title='bbox 586 2552 746 2606; x_wconf 78' lang='lat' dir='ltr'>ostendere</span> <span class='ocrx_word' id='word_1_124' title='bbox 767 2551 846 2606; x_wconf 78' lang='lat' dir='ltr'>visin</span> <span class='ocrx_word' id='word_1_125' title='bbox 864 2559 965 2617; x_wconf 80' lang='lat' dir='ltr'>tuam,</span> <span class='ocrx_word' id='word_1_126' title='bbox 986 2551 1023 2606; x_wconf 79' lang='lat' dir='ltr'>ed</span> <span class='ocrx_word' id='word_1_127' title='bbox 1035 2564 1173 2622; x_wconf 80' lang='lat' dir='ltr'>quaeren.</span> 
     </span>
     <span class='ocr_line' id='line_1_18' title="bbox 210 2636 1171 2708; baseline 0.002 -19"><span class='ocrx_word' id='word_1_128' title='bbox 210 2636 278 2690; x_wconf 85' lang='lat' dir='ltr'>dam</span> <span class='ocrx_word' id='word_1_129' title='bbox 298 2636 513 2704; x_wconf 88' lang='lat' dir='ltr'>diiectionem,</span> <span class='ocrx_word' id='word_1_130' title='bbox 532 2637 582 2707; x_wconf 89' lang='lat' dir='ltr'>qui</span> <span class='ocrx_word' id='word_1_131' title='bbox 603 2638 632 2690; x_wconf 88' lang='lat' dir='ltr'>in</span> <span class='ocrx_word' id='word_1_132' title='bbox 651 2636 793 2708; x_wconf 78' lang='lat' dir='ltr'>superbia</span> <span class='ocrx_word' id='word_1_133' title='bbox 812 2645 842 2689; x_wconf 88' lang='lat' dir='ltr'>et</span> <span class='ocrx_word' id='word_1_134' title='bbox 858 2636 969 2690; x_wconf 80' lang='lat' dir='ltr'>malitia</span> <span class='ocrx_word' id='word_1_135' title='bbox 981 2643 1030 2690; x_wconf 78' lang='lat' dir='ltr'>tua</span> <span class='ocrx_word' id='word_1_136' title='bbox 1042 2636 1171 2692; x_wconf 82' lang='lat' dir='ltr'>docuisti</span> 
     </span>
     <span class='ocr_line' id='line_1_19' title="bbox 209 2720 1170 2788; baseline 0.001 -14"><span class='ocrx_word' id='word_1_137' title='bbox 209 2722 272 2777; x_wconf 80' lang='lat' dir='ltr'>viss</span> <span class='ocrx_word' id='word_1_138' title='bbox 294 2730 375 2788; x_wconf 82' lang='lat' dir='ltr'>tuas,</span> <span class='ocrx_word' id='word_1_139' title='bbox 403 2731 432 2776; x_wconf 85' lang='lat' dir='ltr'>et</span> <span class='ocrx_word' id='word_1_140' title='bbox 452 2722 481 2775; x_wconf 94' lang='lat' dir='ltr'>in</span> <span class='ocrx_word' id='word_1_141' title='bbox 500 2723 552 2776; x_wconf 84' lang='lat' dir='ltr'>aiis</span> <span class='ocrx_word' id='word_1_142' title='bbox 569 2724 625 2776; x_wconf 85' lang='lat' dir='ltr'>tuis</span> <span class='ocrx_word' id='word_1_143' title='bbox 645 2722 782 2776; x_wconf 82' lang='lat' dir='ltr'>inventus</span> <span class='ocrx_word' id='word_1_144' title='bbox 801 2729 847 2774; x_wconf 85' lang='lat' dir='ltr'>est</span> <span class='ocrx_word' id='word_1_145' title='bbox 864 2720 983 2788; x_wconf 81' lang='lat' dir='ltr'>sanguis</span> <span class='ocrx_word' id='word_1_146' title='bbox 1003 2720 1170 2775; x_wconf 82' lang='lat' dir='ltr'>animorum</span> 
     </span>
     <span class='ocr_line' id='line_1_20' title="bbox 209 2807 710 2877; baseline 0 -17"><span class='ocrx_word' id='word_1_147' title='bbox 209 2823 377 2877; x_wconf 73' lang='lat' dir='ltr'>pauperum</span> <span class='ocrx_word' id='word_1_148' title='bbox 396 2816 426 2861; x_wconf 92' lang='lat' dir='ltr'>et</span> <span class='ocrx_word' id='word_1_149' title='bbox 444 2807 650 2862; x_wconf 87' lang='lat' dir='ltr'>innocentum.</span> <span class='ocrx_word' id='word_1_150' title='bbox 706 2860 710 2868; x_wconf 87' lang='grc'>,</span> 
     </span>
    </p>
   </div>
   <div class='ocr_carea' id='block_1_6' title="bbox 174 2913 1175 4206">
    <p class='ocr_par' dir='ltr' id='par_1_6' title="bbox 176 2913 1173 3071">
     <span class='ocr_line' id='line_1_21' title="bbox 176 2913 1173 2990; baseline -0.003 -19"><span class='ocrx_word' id='word_1_151' title='bbox 176 2916 208 2985; x_wconf 77' lang='lat' dir='ltr'>t)</span> <span class='ocrx_word' id='word_1_152' title='bbox 228 2918 294 2972; x_wconf 83' lang='lat' dir='ltr'>Heu</span> <span class='ocrx_word' id='word_1_153' title='bbox 323 2916 484 2990; x_wconf 81' lang='lat' dir='ltr'>prodigum</span> <span class='ocrx_word' id='word_1_154' title='bbox 516 2916 706 2982; x_wconf 88' lang='lat' dir='ltr'>Lutherum,</span> <span class='ocrx_word' id='word_1_155' title='bbox 744 2914 795 2986; x_wconf 89' lang='lat' dir='ltr'>qui</span> <span class='ocrx_word' id='word_1_156' title='bbox 820 2914 864 2969; x_wconf 84' lang='lat' dir='ltr'>sic</span> <span class='ocrx_word' id='word_1_157' title='bbox 889 2913 1011 2983; x_wconf 81' lang='lat' dir='ltr'>largiter</span> <span class='ocrx_word' id='word_1_158' title='bbox 1037 2913 1173 2985; x_wconf 79' lang='lat' dir='ltr'>profudit</span> 
     </span>
     <span class='ocr_line' id='line_1_22' title="bbox 209 3003 622 3071; baseline -0.007 -14"><span class='ocrx_word' id='word_1_159' title='bbox 209 3003 414 3071; x_wconf 79' lang='lat' dir='ltr'>evangelicam</span> <span class='ocrx_word' id='word_1_160' title='bbox 435 3004 622 3062; x_wconf 73' lang='lat' dir='ltr'>doctrinam!</span> 
     </span>
    </p>

    <p class='ocr_par' dir='ltr' id='par_1_7' title="bbox 174 3090 1175 3418">
     <span class='ocr_line' id='line_1_23' title="bbox 174 3090 1172 3172; baseline -0.007 -20"><span class='ocrx_word' id='word_1_161' title='bbox 174 3097 205 3165; x_wconf 85' lang='lat' dir='ltr'>c)</span> <span class='ocrx_word' id='word_1_162' title='bbox 229 3097 361 3172; x_wconf 82' lang='lat' dir='ltr'>Quoties</span> <span class='ocrx_word' id='word_1_163' title='bbox 382 3096 594 3150; x_wconf 83' lang='lat' dir='ltr'>inculcandum</span> <span class='ocrx_word' id='word_1_164' title='bbox 611 3103 678 3162; x_wconf 87' lang='lat' dir='ltr'>cst,</span> <span class='ocrx_word' id='word_1_165' title='bbox 696 3094 727 3148; x_wconf 91' lang='lat' dir='ltr'>in</span> <span class='ocrx_word' id='word_1_166' title='bbox 745 3093 874 3147; x_wconf 78' lang='lat' dir='ltr'>ecclesia</span> <span class='ocrx_word' id='word_1_167' title='bbox 895 3101 946 3147; x_wconf 80' lang='lat' dir='ltr'>tua</span> <span class='ocrx_word' id='word_1_168' title='bbox 963 3092 1046 3145; x_wconf 83' lang='lat' dir='ltr'>nolle</span> <span class='ocrx_word' id='word_1_169' title='bbox 1058 3090 1172 3145; x_wconf 77' lang='lat' dir='ltr'>versari</span> 
     </span>
     <span class='ocr_line' id='line_1_24' title="bbox 208 3176 1171 3254; baseline -0.007 -17"><span class='ocrx_word' id='word_1_170' title='bbox 208 3199 286 3250; x_wconf 86' lang='lat' dir='ltr'>nos,</span> <span class='ocrx_word' id='word_1_171' title='bbox 305 3198 404 3254; x_wconf 86' lang='lat' dir='ltr'>neque</span> <span class='ocrx_word' id='word_1_172' title='bbox 424 3198 494 3234; x_wconf 86' lang='lat' dir='ltr'>cum</span> <span class='ocrx_word' id='word_1_173' title='bbox 509 3180 644 3251; x_wconf 83' lang='lat' dir='ltr'>copiistis</span> <span class='ocrx_word' id='word_1_174' title='bbox 662 3179 721 3234; x_wconf 85' lang='lat' dir='ltr'>tuis</span> <span class='ocrx_word' id='word_1_175' title='bbox 739 3179 817 3232; x_wconf 87' lang='lat' dir='ltr'>velie</span> <span class='ocrx_word' id='word_1_176' title='bbox 834 3177 887 3230; x_wconf 86' lang='lat' dir='ltr'>tibi</span> <span class='ocrx_word' id='word_1_177' title='bbox 901 3177 1059 3231; x_wconf 77' lang='lat' dir='ltr'>adsentari.</span> <span class='ocrx_word' id='word_1_178' title='bbox 1091 3176 1171 3250; x_wconf 80' lang='lat' dir='ltr'>Quin</span> 
     </span>
     <span class='ocr_line' id='line_1_25' title="bbox 209 3263 1175 3339; baseline -0.007 -18"><span class='ocrx_word' id='word_1_179' title='bbox 209 3278 243 3321; x_wconf 86' lang='lat' dir='ltr'>tu</span> <span class='ocrx_word' id='word_1_180' title='bbox 260 3267 362 3339; x_wconf 86' lang='lat' dir='ltr'>potius</span> <span class='ocrx_word' id='word_1_181' title='bbox 390 3266 425 3320; x_wconf 81' lang='lat' dir='ltr'>ad</span> <span class='ocrx_word' id='word_1_182' title='bbox 451 3266 606 3319; x_wconf 78' lang='lat' dir='ltr'>sanitatem</span> <span class='ocrx_word' id='word_1_183' title='bbox 633 3264 728 3331; x_wconf 86' lang='lat' dir='ltr'>redis,</span> <span class='ocrx_word' id='word_1_184' title='bbox 760 3264 925 3335; x_wconf 88' lang='lat' dir='ltr'>projiciens</span> <span class='ocrx_word' id='word_1_185' title='bbox 953 3263 1106 3317; x_wconf 74' lang='lat' dir='ltr'>avaritiam</span> <span class='ocrx_word' id='word_1_186' title='bbox 1133 3276 1175 3315; x_wconf 79' lang='lat' dir='ltr'>ex</span> 
     </span>
     <span class='ocr_line' id='line_1_26' title="bbox 210 3348 1137 3418; baseline -0.006 -12"><span class='ocrx_word' id='word_1_187' title='bbox 210 3353 379 3418; x_wconf 78' lang='lat' dir='ltr'>calumnia,</span> <span class='ocrx_word' id='word_1_188' title='bbox 399 3360 428 3404; x_wconf 90' lang='lat' dir='ltr'>et</span> <span class='ocrx_word' id='word_1_189' title='bbox 447 3357 605 3405; x_wconf 82' lang='lat' dir='ltr'>excutiens</span> <span class='ocrx_word' id='word_1_190' title='bbox 623 3360 729 3403; x_wconf 84' lang='lat' dir='ltr'>monus</span> <span class='ocrx_word' id='word_1_191' title='bbox 747 3361 812 3402; x_wconf 83' lang='lat' dir='ltr'>tuos</span> <span class='ocrx_word' id='word_1_192' title='bbox 832 3349 870 3410; x_wconf 71' lang='lat' dir='ltr'>sb</span> <span class='ocrx_word' id='word_1_193' title='bbox 895 3348 977 3402; x_wconf 87' lang='lat' dir='ltr'>omni</span> <span class='ocrx_word' id='word_1_194' title='bbox 998 3363 1137 3401; x_wconf 83' lang='lat' dir='ltr'>munere.</span> 
     </span>
    </p>

    <p class='ocr_par' dir='ltr' id='par_1_8' title="bbox 174 3441 1174 4012">
     <span class='ocr_line' id='line_1_27' title="bbox 174 3441 1173 3515; baseline -0.01 -14"><span class='ocrx_word' id='word_1_195' title='bbox 174 3446 206 3515; x_wconf 87' lang='lat' dir='ltr'>d)</span> <span class='ocrx_word' id='word_1_196' title='bbox 226 3447 300 3501; x_wconf 78' lang='lat' dir='ltr'>iiaec</span> <span class='ocrx_word' id='word_1_197' title='bbox 317 3456 348 3499; x_wconf 93' lang='lat' dir='ltr'>tc</span> <span class='ocrx_word' id='word_1_198' title='bbox 368 3443 587 3500; x_wconf 71' lang='lat' dir='ltr'>misericordis</span> <span class='ocrx_word' id='word_1_199' title='bbox 605 3443 722 3496; x_wconf 81' lang='lat' dir='ltr'>viscera</span> <span class='ocrx_word' id='word_1_200' title='bbox 741 3442 865 3496; x_wconf 88' lang='lat' dir='ltr'>induero</span> <span class='ocrx_word' id='word_1_201' title='bbox 881 3443 971 3511; x_wconf 87' lang='lat' dir='ltr'>jubet</span> <span class='ocrx_word' id='word_1_202' title='bbox 983 3442 1113 3507; x_wconf 73' lang='lat' dir='ltr'>Paulus,</span> <span class='ocrx_word' id='word_1_203' title='bbox 1133 3441 1173 3493; x_wconf 87' lang='lat' dir='ltr'>si.</span> 
     </span>
     <span class='ocr_line' id='line_1_28' title="bbox 209 3526 1174 3598; baseline -0.009 -13"><span class='ocrx_word' id='word_1_204' title='bbox 209 3532 273 3585; x_wconf 88' lang='lat' dir='ltr'>mul</span> <span class='ocrx_word' id='word_1_205' title='bbox 296 3529 529 3598; x_wconf 78' lang='lat' dir='ltr'>benignitatem,</span> <span class='ocrx_word' id='word_1_206' title='bbox 557 3528 772 3594; x_wconf 79' lang='lat' dir='ltr'>humilitatem,</span> <span class='ocrx_word' id='word_1_207' title='bbox 801 3529 982 3581; x_wconf 80' lang='lat' dir='ltr'>modestiam</span> <span class='ocrx_word' id='word_1_208' title='bbox 1014 3536 1043 3579; x_wconf 88' lang='lat' dir='ltr'>et</span> <span class='ocrx_word' id='word_1_209' title='bbox 1061 3526 1174 3595; x_wconf 78' lang='lat' dir='ltr'>petien.</span> 
     </span>
     <span class='ocr_line' id='line_1_29' title="bbox 212 3611 1173 3685; baseline -0.004 -15"><span class='ocrx_word' id='word_1_210' title='bbox 212 3617 303 3670; x_wconf 81' lang='lat' dir='ltr'>tiam:</span> <span class='ocrx_word' id='word_1_211' title='bbox 343 3631 434 3685; x_wconf 89' lang='lat' dir='ltr'>quem</span> <span class='ocrx_word' id='word_1_212' title='bbox 466 3631 524 3666; x_wconf 89' lang='lat' dir='ltr'>nos</span> <span class='ocrx_word' id='word_1_213' title='bbox 551 3613 688 3666; x_wconf 88' lang='lat' dir='ltr'>videmus</span> <span class='ocrx_word' id='word_1_214' title='bbox 718 3630 826 3681; x_wconf 78' lang='lat' dir='ltr'>magno</span> <span class='ocrx_word' id='word_1_215' title='bbox 856 3613 944 3665; x_wconf 83' lang='lat' dir='ltr'>etiam</span> <span class='ocrx_word' id='word_1_216' title='bbox 975 3627 1045 3665; x_wconf 80' lang='lat' dir='ltr'>cunt</span> <span class='ocrx_word' id='word_1_217' title='bbox 1064 3611 1173 3666; x_wconf 82' lang='lat' dir='ltr'>doiore</span> 
     </span>
     <span class='ocr_line' id='line_1_30' title="bbox 208 3694 1173 3768; baseline -0.006 -13"><span class='ocrx_word' id='word_1_218' title='bbox 208 3710 339 3766; x_wconf 84' lang='lat' dir='ltr'>nostro,</span> <span class='ocrx_word' id='word_1_219' title='bbox 360 3709 465 3752; x_wconf 83' lang='lat' dir='ltr'>contra</span> <span class='ocrx_word' id='word_1_220' title='bbox 479 3698 634 3765; x_wconf 86' lang='lat' dir='ltr'>indutum,</span> <span class='ocrx_word' id='word_1_221' title='bbox 653 3715 710 3768; x_wconf 82' lang='lat' dir='ltr'>pro</span> <span class='ocrx_word' id='word_1_222' title='bbox 725 3698 934 3752; x_wconf 77' lang='lat' dir='ltr'>misericordis</span> <span class='ocrx_word' id='word_1_223' title='bbox 954 3694 1173 3762; x_wconf 80' lang='lat' dir='ltr'>crudelitatem,</span> 
     </span>
     <span class='ocr_line' id='line_1_31' title="bbox 210 3782 1174 3859; baseline -0.008 -19"><span class='ocrx_word' id='word_1_224' title='bbox 210 3803 268 3859; x_wconf 82' lang='lat' dir='ltr'>pro</span> <span class='ocrx_word' id='word_1_225' title='bbox 288 3785 428 3856; x_wconf 77' lang='lat' dir='ltr'>patientia</span> <span class='ocrx_word' id='word_1_226' title='bbox 447 3785 648 3850; x_wconf 74' lang='lat' dir='ltr'>iracundiam,</span> <span class='ocrx_word' id='word_1_227' title='bbox 671 3801 726 3854; x_wconf 83' lang='lat' dir='ltr'>pro</span> <span class='ocrx_word' id='word_1_228' title='bbox 742 3784 856 3851; x_wconf 82' lang='lat' dir='ltr'>justitia</span> <span class='ocrx_word' id='word_1_229' title='bbox 877 3782 1073 3853; x_wconf 80' lang='lat' dir='ltr'>iniquitatem,</span> <span class='ocrx_word' id='word_1_230' title='bbox 1094 3790 1123 3835; x_wconf 89' lang='lat' dir='ltr'>et</span> <span class='ocrx_word' id='word_1_231' title='bbox 1141 3789 1174 3833; x_wconf 91' lang='lat' dir='ltr'>ut</span> 
     </span>
     <span class='ocr_line' id='line_1_32' title="bbox 208 3866 1171 3940; baseline -0.006 -15"><span class='ocrx_word' id='word_1_232' title='bbox 208 3872 307 3926; x_wconf 87' lang='lat' dir='ltr'>semei</span> <span class='ocrx_word' id='word_1_233' title='bbox 329 3870 444 3936; x_wconf 76' lang='lat' dir='ltr'>dicem,</span> <span class='ocrx_word' id='word_1_234' title='bbox 472 3887 528 3940; x_wconf 87' lang='lat' dir='ltr'>pro</span> <span class='ocrx_word' id='word_1_235' title='bbox 548 3870 707 3923; x_wconf 83' lang='lat' dir='ltr'>virtutibus</span> <span class='ocrx_word' id='word_1_236' title='bbox 726 3870 812 3924; x_wconf 82' lang='lat' dir='ltr'>vitia:</span> <span class='ocrx_word' id='word_1_237' title='bbox 839 3869 868 3922; x_wconf 87' lang='lat' dir='ltr'>id</span> <span class='ocrx_word' id='word_1_238' title='bbox 888 3878 950 3935; x_wconf 83' lang='lat' dir='ltr'>est,</span> <span class='ocrx_word' id='word_1_239' title='bbox 970 3885 1027 3939; x_wconf 89' lang='lat' dir='ltr'>pro</span> <span class='ocrx_word' id='word_1_240' title='bbox 1051 3866 1171 3920; x_wconf 85' lang='lat' dir='ltr'>Christo</span> 
     </span>
     <span class='ocr_line' id='line_1_33' title="bbox 208 3954 709 4012; baseline -0.006 -1"><span class='ocrx_word' id='word_1_241' title='bbox 208 3956 282 4012; x_wconf 89' lang='lat' dir='ltr'>Deo</span> <span class='ocrx_word' id='word_1_242' title='bbox 305 3956 524 4010; x_wconf 83' lang='lat' dir='ltr'>Antichristum</span> <span class='ocrx_word' id='word_1_243' title='bbox 542 3954 709 4009; x_wconf 80' lang='lat' dir='ltr'>diabolum.</span> 
     </span>
    </p>

    <p class='ocr_par' dir='ltr' id='par_1_9' title="bbox 176 4044 1173 4206">
     <span class='ocr_line' id='line_1_34' title="bbox 176 4044 1173 4118; baseline -0.008 -13"><span class='ocrx_word' id='word_1_244' title='bbox 176 4048 205 4118; x_wconf 81' lang='lat' dir='ltr'>e)</span> <span class='ocrx_word' id='word_1_245' title='bbox 223 4051 330 4105; x_wconf 82' lang='lat' dir='ltr'>Miror</span> <span class='ocrx_word' id='word_1_246' title='bbox 346 4049 412 4103; x_wconf 85' lang='lat' dir='ltr'>taiis</span> <span class='ocrx_word' id='word_1_247' title='bbox 432 4064 502 4102; x_wconf 87' lang='lat' dir='ltr'>cum</span> <span class='ocrx_word' id='word_1_248' title='bbox 522 4048 582 4113; x_wconf 83' lang='lat' dir='ltr'>sis,</span> <span class='ocrx_word' id='word_1_249' title='bbox 611 4049 677 4102; x_wconf 80' lang='lat' dir='ltr'>hec</span> <span class='ocrx_word' id='word_1_250' title='bbox 696 4064 787 4118; x_wconf 77' lang='lat' dir='ltr'>posse</span> <span class='ocrx_word' id='word_1_251' title='bbox 808 4046 891 4118; x_wconf 84' lang='lat' dir='ltr'>loqui</span> <span class='ocrx_word' id='word_1_252' title='bbox 911 4058 939 4099; x_wconf 88' lang='lat' dir='ltr'>tc</span> <span class='ocrx_word' id='word_1_253' title='bbox 959 4044 1098 4111; x_wconf 85' lang='lat' dir='ltr'>interim,</span> <span class='ocrx_word' id='word_1_254' title='bbox 1128 4044 1173 4098; x_wconf 86' lang='lat' dir='ltr'>sic</span> 
     </span>
     <span class='ocr_line' id='line_1_35' title="bbox 210 4132 833 4206; baseline -0.01 -15"><span class='ocrx_word' id='word_1_255' title='bbox 210 4136 343 4206; x_wconf 82' lang='lat' dir='ltr'>fingere,</span> <span class='ocrx_word' id='word_1_256' title='bbox 362 4137 406 4190; x_wconf 79' lang='lat' dir='ltr'>sic</span> <span class='ocrx_word' id='word_1_257' title='bbox 425 4134 567 4188; x_wconf 79' lang='lat' dir='ltr'>simulare</span> <span class='ocrx_word' id='word_1_258' title='bbox 587 4142 617 4185; x_wconf 84' lang='lat' dir='ltr'>et</span> <span class='ocrx_word' id='word_1_259' title='bbox 634 4132 833 4189; x_wconf 77' lang='lat' dir='ltr'>dissimulare.</span> 
     </span>
    </p>
   </div>
   <div class='ocr_carea' id='block_1_7' title="bbox 175 4221 1173 4384">
    <p class='ocr_par' dir='ltr' id='par_1_10' title="bbox 175 4221 1173 4384">
     <span class='ocr_line' id='line_1_36' title="bbox 175 4221 1173 4297; baseline -0.011 -13"><span class='ocrx_word' id='word_1_260' title='bbox 175 4229 202 4297; x_wconf 87' lang='lat' dir='ltr'>t)</span> <span class='ocrx_word' id='word_1_261' title='bbox 219 4230 335 4284; x_wconf 85' lang='lat' dir='ltr'>Securo</span> <span class='ocrx_word' id='word_1_262' title='bbox 363 4229 427 4282; x_wconf 80' lang='lat' dir='ltr'>ruit</span> <span class='ocrx_word' id='word_1_263' title='bbox 451 4243 577 4296; x_wconf 80' lang='lat' dir='ltr'>regnare</span> <span class='ocrx_word' id='word_1_264' title='bbox 603 4227 769 4281; x_wconf 84' lang='lat' dir='ltr'>Decimus:</span> <span class='ocrx_word' id='word_1_265' title='bbox 802 4225 855 4279; x_wconf 87' lang='lat' dir='ltr'>sed</span> <span class='ocrx_word' id='word_1_266' title='bbox 873 4238 985 4279; x_wconf 76' lang='lat' dir='ltr'>vereor</span> <span class='ocrx_word' id='word_1_267' title='bbox 1014 4231 1048 4278; x_wconf 88' lang='lat' dir='ltr'>ut</span> <span class='ocrx_word' id='word_1_268' title='bbox 1078 4221 1173 4293; x_wconf 88' lang='lat' dir='ltr'>possit</span> 
     </span>
     <span class='ocr_line' id='line_1_37' title="bbox 210 4313 624 4384; baseline -0.01 -14"><span class='ocrx_word' id='word_1_269' title='bbox 210 4316 256 4370; x_wconf 85' lang='lat' dir='ltr'>sic</span> <span class='ocrx_word' id='word_1_270' title='bbox 275 4325 431 4369; x_wconf 76' lang='lat' dir='ltr'>commoto</span> <span class='ocrx_word' id='word_1_271' title='bbox 449 4313 624 4384; x_wconf 78' lang='lat' dir='ltr'>Germanii.</span> 
     </span>
    </p>
   </div>
   <div class='ocr_carea' id='block_1_8' title="bbox 174 4397 1171 4565">
    <p class='ocr_par' dir='ltr' id='par_1_11' title="bbox 174 4397 1171 4565">
     <span class='ocr_line' id='line_1_38' title="bbox 174 4397 1171 4483; baseline -0.013 -21"><span class='ocrx_word' id='word_1_272' title='bbox 174 4407 208 4476; x_wconf 69' lang='lat' dir='ltr'>g)</span> <span class='ocrx_word' id='word_1_273' title='bbox 229 4411 351 4483; x_wconf 77' lang='lat' dir='ltr'>Quippe</span> <span class='ocrx_word' id='word_1_274' title='bbox 369 4407 448 4463; x_wconf 85' lang='lat' dir='ltr'>unde</span> <span class='ocrx_word' id='word_1_275' title='bbox 468 4407 563 4460; x_wconf 78' lang='lat' dir='ltr'>tornes</span> <span class='ocrx_word' id='word_1_276' title='bbox 581 4413 626 4459; x_wconf 91' lang='lat' dir='ltr'>tot</span> <span class='ocrx_word' id='word_1_277' title='bbox 643 4397 983 4474; x_wconf 77' lang='lat' dir='ltr'>Reverendissimorum</span> <span class='ocrx_word' id='word_1_278' title='bbox 1003 4408 1033 4455; x_wconf 84' lang='lat' dir='ltr'>et</span> <span class='ocrx_word' id='word_1_279' title='bbox 1047 4397 1171 4469; x_wconf 76' lang='lat' dir='ltr'>penuria</span> 
     </span>
     <span class='ocr_line' id='line_1_39' title="bbox 211 4493 593 4565; baseline -0.003 -19"><span class='ocrx_word' id='word_1_280' title='bbox 211 4493 269 4565; x_wconf 78' lang='lat' dir='ltr'>ipsi</span> <span class='ocrx_word' id='word_1_281' title='bbox 291 4493 426 4548; x_wconf 85' lang='lat' dir='ltr'>Domino</span> <span class='ocrx_word' id='word_1_282' title='bbox 448 4493 593 4545; x_wconf 86' lang='lat' dir='ltr'>imminet.</span> 
     </span>
    </p>
   </div>
   <div class='ocr_carea' id='block_1_9' title="bbox 0 0 1322 5108">
    <p class='ocr_par' dir='ltr' id='par_1_12' title="bbox 0 0 1322 5108">
     <span class='ocr_line' id='line_1_40' title="bbox 0 0 1322 5108; baseline 0 0"><span class='ocrx_word' id='word_1_283' title='bbox 0 0 1322 5108; x_wconf 95' lang='lat' dir='ltr'> </span> 
     </span>
    </p>
   </div>
  </div>
 </body>
</html>
